3484 4967
810 473 830 538 6

717 557 920 573 *n*-

233 639 329 725 (quae
359 659 397 704 ex
424 647 457 702 te
479 638 623 724 percepi)
651 642 840 705 meminisse.
891 639 1107 720 'l'rnnspositis
1138 659 1186 703 vv.
1210 636 1271 701 102
1293 646 1327 701 et
1350 635 1412 700 103

232 747 305 822 post
328 762 354 804 v.
373 737 415 802 90
436 759 560 802 carmen
578 748 714 818 quatuor
729 740 873 801 versibus
896 740 1013 814 linitur,
1035 727 1232 820 quibuscum
1255 759 1305 802 vv.
1326 735 1411 800 4-t

234 849 267 904 ct
286 849 420 924 propter
441 841 628 904 sententiam
658 847 691 901 et
720 845 851 921 propter
879 841 1147 902 constructionem
1175 839 1412 924 grammaticam

234 932 354 1005 summa
375 939 545 1003 intercedit
566 937 747 1003 similitudo.
790 939 869 1000 Nam
891 942 924 1001 in
953 948 1089 1021 utroque
1111 939 1180 1002 loco
1203 937 1327 1027 singula
1348 939 1413 1000 sin·

232 1040 317 1125 gulis
339 1041 501 1122 quaternis
523 1040 651 1120 paribus
673 1047 890 1120 opponunturr

437 1161 486 1204 vv.
508 1137 611 1200 4-7:
970 1158 1021 1204 vv.
1043 1138 1207 1205 98—101:

412 1241 639 1338 haedi-lupi
952 1242 1234 1316 dulcia-amara

411 1356 686 1432 vituli-leones
951 1359 1207 1433 mollia-dura

345 1505 353 1518 ·
411 1473 734 1570 delphini-pisces
951 1476 1250 1568 candida—nigra

411 1587 783 1684 columboe-aquilae
952 1592 1253 1666 dextera-laeva

235 1704 356 1767 Deinde
379 1712 513 1785 uterque
534 1703 624 1768 locus
646 1703 812 1767 simillimis
834 1709 1003 1769 sententiis
1022 1709 1147 1769 linitur:
1169 1728 1219 1771 vv.
1240 1705 1270 1771 6.
1294 1705 1329 1766 t:

246 1843 251 1854 ·
284 1807 328 1880 Et
356 1829 530 1883 conversa
557 1818 650 1880 retro
677 1827 792 1878 rorum
820 1807 994 1883 discordia
1020 1809 1147 1903 gliscet

284 1922 392 1996 blnltu
418 1927 527 2018 prius,
554 1923 660 1997 fucrit
678 1946 786 2018 -quam
812 1947 883 2000 non
908 1949 986 2000 mea
1011 1926 1123 1999 libera
1149 1947 1279 2012 avena3
1322 1957 1329 1969 ·

236 2059 285 2104 vv.
310 2037 380 2104 100.
403 2037 463 2102 101
473 2059 486 2102 ι,

284 2139 482 2237 liligrabunt
508 2163 609 2214 casus
636 2141 751 2213 alicua
776 2143 812 2213 iu
838 2163 1139 2243 commanerem,

287 2260 397 2347 Quam
424 2269 482 2334 tua
508 2257 552 2332 de
579 2261 707 2332 nostris
734 2260 883 2352 emigret
908 2283 991 2336 cura
1017 2259 1190 2337 medullis.
1282 2353 1285 2359 Ι

235 2375 311 2451 lam,
340 2375 461 2456 opinor,
491 2373 606 2455 cuique
635 2373 836 2438 manifestum
865 2377 937 2455 erit,
966 2375 1028 2447 irae
1055 2372 1287 2459 aequabilitate
1315 2377 1412 2453 atque

235 2476 443 2555 responsione
466 2473 608 2538 consulto
628 2476 755 2554 poetam
778 2495 865 2538 usum
889 2495 971 2542 esse.
1007 2476 1092 2539 linos
1105 2477 1201 2559 igitur
1222 2471 1310 2538 locos
1325 2472 1415 2534 inve·

236 2576 350 2650 nimus,
387 2575 501 2654 quibus
531 2571 616 2634 baud
647 2573 743 2636 facile
777 2579 942 2660 quisquam
977 2573 1116 2642 indolem
1144 2581 1241 2652 atque
1269 2562 1413 2635 naturam

237 2674 440 2758 stropharum
461 2673 661 2736 abiudicabit.

321 2773 386 2838 Sed
407 2771 532 2837 accedit
553 2772 640 2834 aliud
662 2770 823 2850 indicium,
852 2790 913 2856 quo
943 2775 1089 2838 commoti
1118 2791 1243 2858 carmen
1271 2782 1413 2837 nostrum

237 2874 431 2956 strophicum
462 2892 534 2938 esse
569 2872 744 2947 statuimus,
775 2872 985 2940 intercalares
1018 2874 1087 2936 dico
1122 2892 1179 2935 seu
1209 2873 1418 2957 interpositos,
1562 2872 1572 2916 i

238 2993 349 3038 versus
371 2970 721 3057 (παρεμβεβλημένους),
745 2992 876 3055 quorum
899 2993 937 3036 ea
959 2983 1071 3039 natura
1094 2983 1154 3049 est,
1176 2981 1211 3038 ut
1232 2981 1320 3037 extra
1342 2992 1415 3036 sen-

237 3077 408 3138 tentiarum
441 3075 582 3136 ordinem
616 3075 709 3156 positi
742 3075 828 3138 inter
860 3074 1002 3158 singulas
1035 3075 1183 3154 strophas
1210 3073 1414 3140 collocentur.

237 3174 400 3236 Eiusmodi
435 3193 545 3236 versus
580 3192 641 3235 non
675 3191 744 3234 raro
778 3175 862 3255 apud
890 3179 1000 3257 poetas
1030 3176 1175 3254 antiquos
1204 3177 1413 3237 inveniuntur.

237 3273 392 3339 Plurimos
410 3274 512 3336 editor
528 3271 688 3356 Per-vigilii
705 3271 839 3335 Veneris
853 3276 987 3354 pristino
1003 3275 1097 3334 nitori
1113 3276 1250 3341 restituti
1272 3276 1415 3360 (Lipsiae

238 3395 288 3456 ap.
310 3373 519 3458 Engelmann,
542 3369 638 3456 1852)
660 3370 788 3455 collegit
809 3393 839 3454 p.
862 3372 881 3436 7
903 3393 981 3454 sqq,
1003 3375 1057 3434 nbi
1078 3379 1185 3437 tamen
1206 3375 1414 3440 intercalares

238 3475 381 3541 liirarum
412 3473 520 3537 omissi
549 3481 629 3536 sunt.
679 3474 859 3551 Quaeritur,
888 3482 990 3537 utrum
1018 3473 1069 3537 bis
1098 3475 1241 3536 versibus
1269 3483 1416 3558 poemata

237 3577 271 3637 in
294 3575 442 3654 strophas
470 3574 531 3634 sibi
560 3590 707 3634 versuum
737 3591 866 3634 numero
896 3574 1126 3656 respondeptes
1156 3574 1346 3652 dividantur,
1372 3595 1415 3638 au

238 3693 278 3737 ex
300 3675 430 3736 arbitrio
451 3675 567 3756 po'e‘tne
589 3673 769 3754 ponanmrt
812 3672 904 3751 Quod
925 3675 952 3734 si
967 3676 1139 3754 qrraeritur‚
1160 3675 1414 3757 respondendum

239 3780 299 3850 est,
329 3772 474 3854 quodque
502 3791 627 3837 carmen
656 3771 898 3857 diligentfnsime
924 3773 1178 3859 investigandum
1200 3794 1283 3854 esse,
1312 3775 1428 3855 prius-·
1460 3809 1464 3818 ·

187 3913 209 3973 ἱ
240 3893 332 3956 quam
354 3872 482 3937 decerni
505 3876 615 3955 possit,
638 3881 741 3935 utrum
763 3874 957 3954 strophicum
979 3878 1021 3936 sit
1043 3895 1082 3936 an
1098 3875 1289 3957 astropbum.
1323 3874 1415 3951 Quod

240 3973 280 4036 ad
302 3973 395 4035 Diras
426 3975 550 4048 attinet,
579 3972 661 4033 hanc
687 3989 789 4032 meam
819 3974 997 4054 opinionem
1024 3973 1171 4054 proferre
1199 3992 1260 4033 non
1289 3973 1413 4037 dubito:

239 4075 329 4136 liiras
367 4089 439 4134 esse
476 4090 602 4134 carmen
638 4071 843 4152 strophicum,
876 4071 1086 4135 intercalares
1119 4091 1189 4133 earn
1224 4073 1291 4144 vim
1317 4081 1414 4154 atque

239 4177 428 4254 potestatem
450 4173 583 4250 habere,
606 4177 640 4233 ut
661 4171 701 4230 iis
722 4169 866 4255 singulae
889 4171 1038 4252 strophae
1060 4180 1259 4253 separentur,
1287 4173 1415 4236 falsam-

239 4293 301 4353 que
332 4290 404 4334 csse
433 4270 546 4332 Naciii
575 4270 775 4346 sententiam,
805 4274 930 4353 potitam
958 4290 1021 4332 non
1049 4289 1190 4350 curasse,
1223 4282 1259 4335 ut
1285 4275 1416 4356 paribus

238 4369 420 4440 intervallis
441 4379 577 4454 poneret
600 4368 818 4449 intercalares,
844 4390 907 4450 quo
936 4372 1027 4452 paria
1053 4371 1170 4433 tierent
1197 4373 1303 4439 media
1330 4376 1415 4436 inter
