<?xml version="1.0" encoding="UTF-8"?>
<!DOCTYPE html PUBLIC "-//W3C//DTD XHTML 1.0 Transitional//EN"
    "http://www.w3.org/TR/xhtml1/DTD/xhtml1-transitional.dtd">
<html xmlns="http://www.w3.org/1999/xhtml" xml:lang="en" lang="en">
 <head>
  <title>
</title>
<meta http-equiv="Content-Type" content="text/html;charset=utf-8" />
  <meta name='ocr-system' content='tesseract 3.04.00' />
  <meta name='ocr-capabilities' content='ocr_page ocr_carea ocr_par ocr_line ocrx_word'/>
</head>
<body>
  <div class='ocr_page' id='page_1' title='image "./valericatonisqu00goebgoog_0024.png"; bbox 0 0 3484 4967; ppageno 0'>
   <div class='ocr_carea' id='block_1_1' title="bbox 836 535 879 598">
    <p class='ocr_par' dir='ltr' id='par_1_1' title="bbox 836 535 879 598">
     <span class='ocr_line' id='line_1_1' title="bbox 836 535 879 598; baseline -0.023 0"><span class='ocrx_word' id='word_1_1' title='bbox 836 535 879 598; x_wconf 83' lang='lat'><strong>20</strong></span> 
     </span>
    </p>
   </div>
   <div class='ocr_carea' id='block_1_2' title="bbox 755 621 958 632">
    <p class='ocr_par' dir='ltr' id='par_1_2' title="bbox 755 621 958 632">
     <span class='ocr_line' id='line_1_2' title="bbox 755 621 958 632; baseline 0 -2"><span class='ocrx_word' id='word_1_2' title='bbox 755 621 958 632; x_wconf 81' lang='lat'>--—--—-</span> 
     </span>
    </p>
   </div>
   <div class='ocr_carea' id='block_1_3' title="bbox 420 1033 1298 1168">
    <p class='ocr_par' dir='ltr' id='par_1_3' title="bbox 420 1033 1298 1168">
     <span class='ocr_line' id='line_1_3' title="bbox 420 1033 1298 1168; baseline -0.005 -1"><span class='ocrx_word' id='word_1_3' title='bbox 420 1033 835 1168; x_wconf 82' lang='lat' dir='ltr'><strong>ECLOGA</strong></span> <span class='ocrx_word' id='word_1_4' title='bbox 886 1037 937 1165; x_wconf 87' lang='lat' dir='ltr'>E</span> <span class='ocrx_word' id='word_1_5' title='bbox 985 1033 1298 1167; x_wconf 84' lang='lat' dir='ltr'><strong>LYDIA.</strong></span> 
     </span>
    </p>
   </div>
   <div class='ocr_carea' id='block_1_4' title="bbox 323 1308 1557 4484">
    <p class='ocr_par' dir='ltr' id='par_1_4' title="bbox 323 1308 1557 4484">
     <span class='ocr_line' id='line_1_4' title="bbox 396 1308 1092 1391; baseline -0.004 -21"><span class='ocrx_word' id='word_1_6' title='bbox 396 1308 524 1370; x_wconf 81' lang='lat' dir='ltr'><strong>Invideo</strong></span> <span class='ocrx_word' id='word_1_7' title='bbox 549 1309 648 1384; x_wconf 81' lang='lat' dir='ltr'><strong>vobio,</strong></span> <span class='ocrx_word' id='word_1_8' title='bbox 671 1310 738 1390; x_wconf 85' lang='lat' dir='ltr'><strong>egri</strong></span> <span class='ocrx_word' id='word_1_9' title='bbox 759 1309 960 1387; x_wconf 80' lang='lat' dir='ltr'><strong>formosaque</strong></span> <span class='ocrx_word' id='word_1_10' title='bbox 983 1317 1092 1391; x_wconf 84' lang='lat' dir='ltr'><strong>prata:</strong></span> 
     </span>
     <span class='ocr_line' id='line_1_5' title="bbox 395 1401 1237 1492; baseline -0.006 -21"><span class='ocrx_word' id='word_1_11' title='bbox 395 1401 456 1472; x_wconf 86' lang='lat' dir='ltr'><strong>hoo</strong></span> <span class='ocrx_word' id='word_1_12' title='bbox 477 1410 617 1469; x_wconf 77' lang='lat' dir='ltr'><strong>formoso</strong></span> <span class='ocrx_word' id='word_1_13' title='bbox 638 1409 750 1492; x_wconf 81' lang='lat' dir='ltr'><strong>magis,</strong></span> <span class='ocrx_word' id='word_1_14' title='bbox 770 1429 840 1470; x_wconf 83' lang='lat' dir='ltr'><strong>meo</strong></span> <span class='ocrx_word' id='word_1_15' title='bbox 864 1409 947 1489; x_wconf 84' lang='lat' dir='ltr'><strong>quod</strong></span> <span class='ocrx_word' id='word_1_16' title='bbox 970 1408 1107 1471; x_wconf 83' lang='lat' dir='ltr'><strong>formosa</strong></span> <span class='ocrx_word' id='word_1_17' title='bbox 1129 1404 1237 1488; x_wconf 80' lang='lat' dir='ltr'><strong>puelia</strong></span> 
     </span>
     <span class='ocr_line' id='line_1_6' title="bbox 397 1509 1187 1590; baseline -0.004 -18"><span class='ocrx_word' id='word_1_18' title='bbox 397 1517 447 1572; x_wconf 81' lang='lat' dir='ltr'><strong>est</strong></span> <span class='ocrx_word' id='word_1_19' title='bbox 469 1509 575 1570; x_wconf 76' lang='lat' dir='ltr'><strong>vobit:</strong></span> <span class='ocrx_word' id='word_1_20' title='bbox 597 1510 694 1570; x_wconf 79' lang='lat' dir='ltr'><strong>tacite</strong></span> <span class='ocrx_word' id='word_1_21' title='bbox 716 1516 857 1571; x_wconf 76' lang='lat' dir='ltr'><strong>nostrum</strong></span> <span class='ocrx_word' id='word_1_22' title='bbox 880 1510 1018 1590; x_wconf 78' lang='lat' dir='ltr'>suspirat</span> <span class='ocrx_word' id='word_1_23' title='bbox 1040 1525 1187 1569; x_wconf 80' lang='lat' dir='ltr'><strong>amorem.</strong></span> 
     </span>
     <span class='ocr_line' id='line_1_7' title="bbox 398 1604 1210 1686; baseline -0.01 -13"><span class='ocrx_word' id='word_1_24' title='bbox 398 1611 463 1673; x_wconf 74' lang='lat' dir='ltr'><strong>Vos</strong></span> <span class='ocrx_word' id='word_1_25' title='bbox 485 1628 569 1669; x_wconf 87' lang='lat' dir='ltr'><strong>nune</strong></span> <span class='ocrx_word' id='word_1_26' title='bbox 590 1606 647 1669; x_wconf 83' lang='lat' dir='ltr'><strong>ille</strong></span> <span class='ocrx_word' id='word_1_27' title='bbox 668 1608 769 1686; x_wconf 81' lang='lat' dir='ltr'><strong>videt,</strong></span> <span class='ocrx_word' id='word_1_28' title='bbox 791 1611 882 1671; x_wconf 83' lang='lat' dir='ltr'><strong>vobis</strong></span> <span class='ocrx_word' id='word_1_29' title='bbox 904 1628 975 1669; x_wconf 83' lang='lat' dir='ltr'><strong>mee</strong></span> <span class='ocrx_word' id='word_1_30' title='bbox 997 1606 1098 1686; x_wconf 76' lang='lat' dir='ltr'><strong>Lydio</strong></span> <span class='ocrx_word' id='word_1_31' title='bbox 1119 1604 1210 1678; x_wconf 79' lang='lat' dir='ltr'><strong>ludit,</strong></span> 
     </span>
     <span class='ocr_line' id='line_1_8' title="bbox 397 1705 1454 1786; baseline -0.003 -15"><span class='ocrx_word' id='word_1_32' title='bbox 397 1728 557 1772; x_wconf 84' lang='lat' dir='ltr'><strong>vernone</strong></span> <span class='ocrx_word' id='word_1_33' title='bbox 579 1706 768 1786; x_wconf 85' lang='lat' dir='ltr'><strong>adloquitur,</strong></span> <span class='ocrx_word' id='word_1_34' title='bbox 791 1727 848 1768; x_wconf 83' lang='lat' dir='ltr'><strong>vos</strong></span> <span class='ocrx_word' id='word_1_35' title='bbox 869 1725 953 1769; x_wconf 86' lang='lat' dir='ltr'><strong>nune</strong></span> <span class='ocrx_word' id='word_1_36' title='bbox 975 1706 1101 1767; x_wconf 76' lang='lat' dir='ltr'>adridet</span> <span class='ocrx_word' id='word_1_37' title='bbox 1122 1705 1233 1767; x_wconf 82' lang='lat' dir='ltr'><strong>ooeilio</strong></span> <span class='ocrx_word' id='word_1_38' title='bbox 1430 1705 1454 1768; x_wconf 80' lang='lat'>5</span> 
     </span>
     <span class='ocr_line' id='line_1_9' title="bbox 398 1806 1164 1881; baseline -0.005 -10"><span class='ocrx_word' id='word_1_39' title='bbox 398 1817 431 1871; x_wconf 92' lang='lat' dir='ltr'><strong>et</strong></span> <span class='ocrx_word' id='word_1_40' title='bbox 451 1828 522 1871; x_wconf 83' lang='lat' dir='ltr'><strong>mee</strong></span> <span class='ocrx_word' id='word_1_41' title='bbox 545 1810 700 1870; x_wconf 78' lang='lat' dir='ltr'><strong>submisra</strong></span> <span class='ocrx_word' id='word_1_42' title='bbox 722 1806 894 1869; x_wconf 80' lang='lat' dir='ltr'><strong>meditatur</strong></span> <span class='ocrx_word' id='word_1_43' title='bbox 916 1808 1055 1868; x_wconf 83' lang='lat' dir='ltr'><strong>carmine</strong></span> <span class='ocrx_word' id='word_1_44' title='bbox 1076 1823 1164 1881; x_wconf 83' lang='lat' dir='ltr'><strong>voce,</strong></span> 
     </span>
     <span class='ocr_line' id='line_1_10' title="bbox 397 1908 1280 1987; baseline 0.001 -17"><span class='ocrx_word' id='word_1_45' title='bbox 397 1918 503 1971; x_wconf 83' lang='lat' dir='ltr'><strong>cantet</strong></span> <span class='ocrx_word' id='word_1_46' title='bbox 525 1918 557 1970; x_wconf 88' lang='lat' dir='ltr'><strong>et</strong></span> <span class='ocrx_word' id='word_1_47' title='bbox 577 1910 713 1984; x_wconf 84' lang='lat' dir='ltr'><strong>intereo,</strong></span> <span class='ocrx_word' id='word_1_48' title='bbox 735 1909 811 1968; x_wconf 90' lang='lat' dir='ltr'><strong>mihi</strong></span> <span class='ocrx_word' id='word_1_49' title='bbox 834 1925 916 1987; x_wconf 85' lang='lat' dir='ltr'><strong>quae</strong></span> <span class='ocrx_word' id='word_1_50' title='bbox 939 1909 1087 1968; x_wconf 79' lang='lat' dir='ltr'><strong>tentabat</strong></span> <span class='ocrx_word' id='word_1_51' title='bbox 1109 1908 1140 1966; x_wconf 87' lang='lat' dir='ltr'><strong>in</strong></span> <span class='ocrx_word' id='word_1_52' title='bbox 1163 1924 1280 1971; x_wconf 84' lang='lat' dir='ltr'><strong>eurem.</strong></span> 
     </span>
     <span class='ocr_line' id='line_1_11' title="bbox 397 2007 1090 2091; baseline -0.004 -21"><span class='ocrx_word' id='word_1_53' title='bbox 397 2009 526 2070; x_wconf 80' lang='lat' dir='ltr'><strong>invideo</strong></span> <span class='ocrx_word' id='word_1_54' title='bbox 550 2010 649 2085; x_wconf 81' lang='lat' dir='ltr'><strong>vobio,</strong></span> <span class='ocrx_word' id='word_1_55' title='bbox 671 2009 755 2091; x_wconf 83' lang='lat' dir='ltr'><strong>egri:</strong></span> <span class='ocrx_word' id='word_1_56' title='bbox 779 2007 909 2068; x_wconf 80' lang='lat' dir='ltr'><strong>diooetie</strong></span> <span class='ocrx_word' id='word_1_57' title='bbox 933 2025 1050 2069; x_wconf 79' lang='lat' dir='ltr'><strong>amare.</strong></span> <span class='ocrx_word' id='word_1_58' title='bbox 1088 2043 1090 2047; x_wconf 93' lang='lat'>·</span> 
     </span>
     <span class='ocr_line' id='line_1_12' title="bbox 399 2105 1089 2187; baseline -0.004 -18"><span class='ocrx_word' id='word_1_59' title='bbox 399 2105 426 2169; x_wconf 92' lang='lat'>0</span> <span class='ocrx_word' id='word_1_60' title='bbox 449 2109 601 2170; x_wconf 78' lang='lat' dir='ltr'><strong>fortunati</strong></span> <span class='ocrx_word' id='word_1_61' title='bbox 623 2109 751 2167; x_wconf 88' lang='lat' dir='ltr'><strong>nimium</strong></span> <span class='ocrx_word' id='word_1_62' title='bbox 774 2107 969 2187; x_wconf 88' lang='lat' dir='ltr'><strong>multumque</strong></span> <span class='ocrx_word' id='word_1_63' title='bbox 992 2109 1089 2186; x_wconf 83' lang='lat' dir='ltr'><strong>beati,</strong></span> 
     </span>
     <span class='ocr_line' id='line_1_13' title="bbox 397 2205 1143 2291; baseline 0 -22"><span class='ocrx_word' id='word_1_64' title='bbox 397 2211 429 2269; x_wconf 85' lang='lat' dir='ltr'><strong>in</strong></span> <span class='ocrx_word' id='word_1_65' title='bbox 452 2209 566 2287; x_wconf 73' lang='lat' dir='ltr'><strong>quibus</strong></span> <span class='ocrx_word' id='word_1_66' title='bbox 588 2205 645 2267; x_wconf 85' lang='lat' dir='ltr'><strong>iiie</strong></span> <span class='ocrx_word' id='word_1_67' title='bbox 667 2205 758 2287; x_wconf 81' lang='lat' dir='ltr'><strong>podir</strong></span> <span class='ocrx_word' id='word_1_68' title='bbox 780 2209 867 2269; x_wconf 84' lang='lat' dir='ltr'><strong>nivei</strong></span> <span class='ocrx_word' id='word_1_69' title='bbox 891 2208 1026 2291; x_wconf 81' lang='lat' dir='ltr'><strong>vestigio</strong></span> <span class='ocrx_word' id='word_1_70' title='bbox 1046 2216 1143 2288; x_wconf 78' lang='lat' dir='ltr'><strong>ponet</strong></span> 
     </span>
     <span class='ocr_line' id='line_1_14' title="bbox 399 2306 1267 2392; baseline -0.003 -22"><span class='ocrx_word' id='word_1_71' title='bbox 399 2315 453 2370; x_wconf 82' lang='lat' dir='ltr'><strong>out</strong></span> <span class='ocrx_word' id='word_1_72' title='bbox 471 2310 574 2369; x_wconf 80' lang='lat' dir='ltr'><strong>roseio</strong></span> <span class='ocrx_word' id='word_1_73' title='bbox 597 2306 703 2392; x_wconf 81' lang='lat' dir='ltr'><strong>digitio</strong></span> <span class='ocrx_word' id='word_1_74' title='bbox 727 2306 857 2369; x_wconf 89' lang='lat' dir='ltr'><strong>viridem</strong></span> <span class='ocrx_word' id='word_1_75' title='bbox 881 2307 1079 2388; x_wconf 82' lang='lat' dir='ltr'><strong>decerpserit</strong></span> <span class='ocrx_word' id='word_1_76' title='bbox 1101 2326 1203 2383; x_wconf 86' lang='lat' dir='ltr'><strong>ovem,</strong></span> <span class='ocrx_word' id='word_1_77' title='bbox 1224 2343 1267 2353; x_wconf 95' lang='lat'><em>-</em></span> 
     </span>
     <span class='ocr_line' id='line_1_15' title="bbox 323 2406 1292 2488; baseline -0.003 -19"><span class='ocrx_word' id='word_1_78' title='bbox 323 2439 329 2452; x_wconf 91' lang='lat'><strong>·</strong></span> <span class='ocrx_word' id='word_1_79' title='bbox 400 2407 483 2469; x_wconf 83' lang='lat' dir='ltr'><strong>dulei</strong></span> <span class='ocrx_word' id='word_1_80' title='bbox 505 2426 640 2488; x_wconf 85' lang='lat' dir='ltr'><strong>nemque</strong></span> <span class='ocrx_word' id='word_1_81' title='bbox 661 2416 760 2469; x_wconf 88' lang='lat' dir='ltr'><strong>tumet</strong></span> <span class='ocrx_word' id='word_1_82' title='bbox 782 2407 918 2468; x_wconf 87' lang='lat' dir='ltr'><strong>nondum</strong></span> <span class='ocrx_word' id='word_1_83' title='bbox 940 2406 1075 2468; x_wconf 83' lang='lat' dir='ltr'><strong>viteouio</strong></span> <span class='ocrx_word' id='word_1_84' title='bbox 1098 2409 1231 2483; x_wconf 83' lang='lat' dir='ltr'><strong>Boccho,</strong></span> <span class='ocrx_word' id='word_1_85' title='bbox 1249 2442 1292 2454; x_wconf 84' lang='lat'><em>-</em></span> 
     </span>
     <span class='ocr_line' id='line_1_16' title="bbox 398 2506 1163 2589; baseline 0.003 -21"><span class='ocrx_word' id='word_1_86' title='bbox 398 2515 453 2568; x_wconf 81' lang='lat' dir='ltr'><strong>aut</strong></span> <span class='ocrx_word' id='word_1_87' title='bbox 473 2509 558 2570; x_wconf 89' lang='lat' dir='ltr'><strong>inter</strong></span> <span class='ocrx_word' id='word_1_88' title='bbox 580 2509 696 2583; x_wconf 77' lang='lat' dir='ltr'><strong>verior,</strong></span> <span class='ocrx_word' id='word_1_89' title='bbox 719 2508 854 2571; x_wconf 85' lang='lat' dir='ltr'><strong>Venerio</strong></span> <span class='ocrx_word' id='word_1_90' title='bbox 877 2506 1047 2589; x_wconf 80' lang='lat' dir='ltr'><strong>stipendio,</strong></span> <span class='ocrx_word' id='word_1_91' title='bbox 1068 2508 1163 2569; x_wconf 84' lang='lat' dir='ltr'><strong>floreo</strong></span> 
     </span>
     <span class='ocr_line' id='line_1_17' title="bbox 398 2605 1266 2686; baseline 0 -19"><span class='ocrx_word' id='word_1_92' title='bbox 398 2607 539 2668; x_wconf 79' lang='lat' dir='ltr'><strong>membre</strong></span> <span class='ocrx_word' id='word_1_93' title='bbox 560 2605 725 2667; x_wconf 83' lang='lat' dir='ltr'><strong>reclinorit</strong></span> <span class='ocrx_word' id='word_1_94' title='bbox 747 2615 954 2686; x_wconf 78' lang='lat' dir='ltr'><strong>teneramque</strong></span> <span class='ocrx_word' id='word_1_95' title='bbox 976 2605 1114 2670; x_wconf 78' lang='lat' dir='ltr'><strong>inliterit</strong></span> <span class='ocrx_word' id='word_1_96' title='bbox 1135 2609 1266 2670; x_wconf 76' lang='lat' dir='ltr'><strong>heroem</strong></span> 
     </span>
     <span class='ocr_line' id='line_1_18' title="bbox 399 2706 1453 2774; baseline 0.005 -8"><span class='ocrx_word' id='word_1_97' title='bbox 399 2711 433 2766; x_wconf 90' lang='lat' dir='ltr'><strong>et</strong></span> <span class='ocrx_word' id='word_1_98' title='bbox 455 2713 577 2766; x_wconf 83' lang='lat' dir='ltr'><strong>secreto</strong></span> <span class='ocrx_word' id='word_1_99' title='bbox 599 2723 686 2768; x_wconf 85' lang='lat' dir='ltr'><strong>meos</strong></span> <span class='ocrx_word' id='word_1_100' title='bbox 708 2706 817 2766; x_wconf 87' lang='lat' dir='ltr'><strong>furtim</strong></span> <span class='ocrx_word' id='word_1_101' title='bbox 838 2708 981 2771; x_wconf 78' lang='lat' dir='ltr'><strong>narrabit</strong></span> <span class='ocrx_word' id='word_1_102' title='bbox 1002 2725 1135 2772; x_wconf 73' lang='lat' dir='ltr'><strong>amores.</strong></span> <span class='ocrx_word' id='word_1_103' title='bbox 1410 2709 1453 2774; x_wconf 87' lang='lat'><strong>15</strong></span> 
     </span>
     <span class='ocr_line' id='line_1_19' title="bbox 398 2803 1175 2890; baseline -0.001 -23"><span class='ocrx_word' id='word_1_104' title='bbox 398 2804 590 2868; x_wconf 79' lang='lat' dir='ltr'><strong>Gaudebont</strong></span> <span class='ocrx_word' id='word_1_105' title='bbox 611 2803 725 2883; x_wconf 79' lang='lat' dir='ltr'><strong>rilvoe,</strong></span> <span class='ocrx_word' id='word_1_106' title='bbox 748 2805 931 2890; x_wconf 78' lang='lat' dir='ltr'><strong>gaudebunt</strong></span> <span class='ocrx_word' id='word_1_107' title='bbox 952 2804 1061 2866; x_wconf 80' lang='lat' dir='ltr'><strong>mollio</strong></span> <span class='ocrx_word' id='word_1_108' title='bbox 1081 2812 1175 2887; x_wconf 82' lang='lat' dir='ltr'><strong>proto</strong></span> 
     </span>
     <span class='ocr_line' id='line_1_20' title="bbox 399 2903 1134 2987; baseline 0.001 -21"><span class='ocrx_word' id='word_1_109' title='bbox 399 2912 431 2966; x_wconf 88' lang='lat' dir='ltr'><strong>et</strong></span> <span class='ocrx_word' id='word_1_110' title='bbox 453 2903 678 2987; x_wconf 80' lang='lat' dir='ltr'><strong>gelidiionteo</strong></span> <span class='ocrx_word' id='word_1_111' title='bbox 701 2908 869 2986; x_wconf 82' lang='lat' dir='ltr'><strong>oviumque</strong></span> <span class='ocrx_word' id='word_1_112' title='bbox 893 2905 1019 2968; x_wconf 79' lang='lat' dir='ltr'><strong>silentia</strong></span> <span class='ocrx_word' id='word_1_113' title='bbox 1039 2908 1134 2980; x_wconf 82' lang='lat' dir='ltr'><strong>fient3</strong></span> 
     </span>
     <span class='ocr_line' id='line_1_21' title="bbox 398 3002 1150 3087; baseline -0.003 -19"><span class='ocrx_word' id='word_1_114' title='bbox 398 3002 570 3068; x_wconf 77' lang='lat' dir='ltr'><strong>tardabunt</strong></span> <span class='ocrx_word' id='word_1_115' title='bbox 592 3007 662 3083; x_wconf 89' lang='lat' dir='ltr'><strong>rivi,</strong></span> <span class='ocrx_word' id='word_1_116' title='bbox 682 3005 828 3068; x_wconf 83' lang='lat' dir='ltr'><strong>labentes</strong></span> <span class='ocrx_word' id='word_1_117' title='bbox 851 3008 967 3068; x_wconf 88' lang='lat' dir='ltr'><strong>ourrite</strong></span> <span class='ocrx_word' id='word_1_118' title='bbox 990 3004 1150 3087; x_wconf 80' lang='lat' dir='ltr'><strong>lymphae,</strong></span> 
     </span>
     <span class='ocr_line' id='line_1_22' title="bbox 399 3102 1173 3188; baseline 0.003 -24"><span class='ocrx_word' id='word_1_119' title='bbox 399 3104 471 3165; x_wconf 83' lang='lat' dir='ltr'><strong>dum</strong></span> <span class='ocrx_word' id='word_1_120' title='bbox 492 3125 565 3167; x_wconf 83' lang='lat' dir='ltr'><strong>meo</strong></span> <span class='ocrx_word' id='word_1_121' title='bbox 585 3106 738 3168; x_wconf 82' lang='lat' dir='ltr'><strong>iocundes</strong></span> <span class='ocrx_word' id='word_1_122' title='bbox 761 3115 898 3188; x_wconf 83' lang='lat' dir='ltr'><strong>exponet</strong></span> <span class='ocrx_word' id='word_1_123' title='bbox 918 3125 993 3167; x_wconf 84' lang='lat' dir='ltr'><strong>oure</strong></span> <span class='ocrx_word' id='word_1_124' title='bbox 1017 3102 1173 3186; x_wconf 79' lang='lat' dir='ltr'><strong>querelor.</strong></span> 
     </span>
     <span class='ocr_line' id='line_1_23' title="bbox 398 3203 1557 3290; baseline 0.001 -25"><span class='ocrx_word' id='word_1_125' title='bbox 398 3203 526 3266; x_wconf 81' lang='lat' dir='ltr'><strong>invideo</strong></span> <span class='ocrx_word' id='word_1_126' title='bbox 550 3207 650 3278; x_wconf 80' lang='lat' dir='ltr'><strong>vobio,</strong></span> <span class='ocrx_word' id='word_1_127' title='bbox 672 3208 758 3289; x_wconf 78' lang='lat' dir='ltr'><strong>agri:</strong></span> <span class='ocrx_word' id='word_1_128' title='bbox 781 3224 852 3267; x_wconf 78' lang='lat' dir='ltr'><strong>meo</strong></span> <span class='ocrx_word' id='word_1_129' title='bbox 874 3205 991 3290; x_wconf 81' lang='lat' dir='ltr'><strong>gaudio</strong></span> <span class='ocrx_word' id='word_1_130' title='bbox 1011 3205 1149 3282; x_wconf 73' lang='lat' dir='ltr'><strong>hebetis,</strong></span> <span class='ocrx_word' id='word_1_131' title='bbox 1372 3219 1377 3226; x_wconf 83' lang='grc'><strong>’</strong></span> <span class='ocrx_word' id='word_1_132' title='bbox 1409 3208 1454 3274; x_wconf 80' lang='grc'><strong>20</strong></span> <span class='ocrx_word' id='word_1_133' title='bbox 1556 3226 1557 3283; x_wconf 67' lang='lat'><em>3</em></span> 
     </span>
     <span class='ocr_line' id='line_1_24' title="bbox 400 3305 1296 3388; baseline 0.007 -24"><span class='ocrx_word' id='word_1_134' title='bbox 400 3312 433 3364; x_wconf 87' lang='lat' dir='ltr'><strong>et</strong></span> <span class='ocrx_word' id='word_1_135' title='bbox 456 3307 544 3365; x_wconf 80' lang='lat' dir='ltr'><strong>vobio</strong></span> <span class='ocrx_word' id='word_1_136' title='bbox 566 3325 648 3365; x_wconf 87' lang='lat' dir='ltr'><strong>nune</strong></span> <span class='ocrx_word' id='word_1_137' title='bbox 671 3315 729 3380; x_wconf 80' lang='lat' dir='ltr'><strong>est,</strong></span> <span class='ocrx_word' id='word_1_138' title='bbox 754 3324 824 3366; x_wconf 81' lang='lat' dir='ltr'><strong>meo</strong></span> <span class='ocrx_word' id='word_1_139' title='bbox 848 3325 930 3384; x_wconf 82' lang='lat' dir='ltr'><strong>quoe</strong></span> <span class='ocrx_word' id='word_1_140' title='bbox 952 3306 1118 3381; x_wconf 72' lang='lat' dir='ltr'><strong>saltante,</strong></span> <span class='ocrx_word' id='word_1_141' title='bbox 1142 3305 1296 3388; x_wconf 74' lang='lat' dir='ltr'><strong>voluptas.</strong></span> 
     </span>
     <span class='ocr_line' id='line_1_25' title="bbox 399 3402 1216 3467; baseline 0.001 -2"><span class='ocrx_word' id='word_1_142' title='bbox 399 3404 443 3466; x_wconf 83' lang='lat' dir='ltr'><strong>At</strong></span> <span class='ocrx_word' id='word_1_143' title='bbox 464 3402 546 3464; x_wconf 86' lang='lat' dir='ltr'><strong>mole</strong></span> <span class='ocrx_word' id='word_1_144' title='bbox 568 3405 734 3465; x_wconf 81' lang='lat' dir='ltr'><strong>tabescunt</strong></span> <span class='ocrx_word' id='word_1_145' title='bbox 755 3407 924 3467; x_wconf 76' lang='lat' dir='ltr'><strong>morientia</strong></span> <span class='ocrx_word' id='word_1_146' title='bbox 946 3406 1084 3467; x_wconf 84' lang='lat' dir='ltr'><strong>membro</strong></span> <span class='ocrx_word' id='word_1_147' title='bbox 1107 3404 1216 3467; x_wconf 87' lang='lat' dir='ltr'><strong>dolore</strong></span> 
     </span>
     <span class='ocr_line' id='line_1_26' title="bbox 401 3502 1101 3589; baseline 0.007 -26"><span class='ocrx_word' id='word_1_148' title='bbox 401 3510 435 3564; x_wconf 89' lang='lat' dir='ltr'><strong>et</strong></span> <span class='ocrx_word' id='word_1_149' title='bbox 457 3502 543 3564; x_wconf 82' lang='lat' dir='ltr'><strong>color</strong></span> <span class='ocrx_word' id='word_1_150' title='bbox 564 3504 668 3564; x_wconf 81' lang='lat' dir='ltr'><strong>infuso</strong></span> <span class='ocrx_word' id='word_1_151' title='bbox 692 3503 818 3566; x_wconf 83' lang='lat' dir='ltr'>decedit</span> <span class='ocrx_word' id='word_1_152' title='bbox 839 3507 959 3589; x_wconf 78' lang='lat' dir='ltr'><strong>frigore</strong></span> <span class='ocrx_word' id='word_1_153' title='bbox 981 3509 1101 3586; x_wconf 82' lang='lat' dir='ltr'><strong>mortio,</strong></span> 
     </span>
     <span class='ocr_line' id='line_1_27' title="bbox 402 3603 1365 3688; baseline 0.004 -24"><span class='ocrx_word' id='word_1_154' title='bbox 402 3603 485 3683; x_wconf 83' lang='lat' dir='ltr'><strong>quod</strong></span> <span class='ocrx_word' id='word_1_155' title='bbox 509 3621 579 3664; x_wconf 82' lang='lat' dir='ltr'><strong>mea</strong></span> <span class='ocrx_word' id='word_1_156' title='bbox 601 3623 662 3662; x_wconf 89' lang='lat' dir='ltr'><strong>non</strong></span> <span class='ocrx_word' id='word_1_157' title='bbox 686 3623 806 3666; x_wconf 86' lang='lat' dir='ltr'><strong>meeum</strong></span> <span class='ocrx_word' id='word_1_158' title='bbox 831 3606 957 3667; x_wconf 85' lang='lat' dir='ltr'><strong>domina</strong></span> <span class='ocrx_word' id='word_1_159' title='bbox 979 3615 1035 3671; x_wconf 80' lang='lat' dir='ltr'><strong>ert.</strong></span> <span class='ocrx_word' id='word_1_160' title='bbox 1079 3606 1147 3667; x_wconf 89' lang='lat' dir='ltr'><strong>Non</strong></span> <span class='ocrx_word' id='word_1_161' title='bbox 1170 3605 1236 3668; x_wconf 84' lang='lat' dir='ltr'><strong>ulie</strong></span> <span class='ocrx_word' id='word_1_162' title='bbox 1258 3606 1365 3688; x_wconf 81' lang='lat' dir='ltr'><strong>puelle</strong></span> 
     </span>
     <span class='ocr_line' id='line_1_28' title="bbox 401 3702 1452 3785; baseline 0.01 -23"><span class='ocrx_word' id='word_1_163' title='bbox 401 3702 523 3763; x_wconf 77' lang='lat' dir='ltr'><strong>doctior</strong></span> <span class='ocrx_word' id='word_1_164' title='bbox 544 3703 577 3762; x_wconf 90' lang='lat' dir='ltr'><strong>in</strong></span> <span class='ocrx_word' id='word_1_165' title='bbox 598 3704 693 3763; x_wconf 80' lang='lat' dir='ltr'><strong>terrio</strong></span> <span class='ocrx_word' id='word_1_166' title='bbox 715 3705 776 3766; x_wconf 80' lang='lat' dir='ltr'><strong>tuit</strong></span> <span class='ocrx_word' id='word_1_167' title='bbox 797 3715 851 3766; x_wconf 82' lang='lat' dir='ltr'><strong>out</strong></span> <span class='ocrx_word' id='word_1_168' title='bbox 871 3706 1050 3782; x_wconf 81' lang='lat' dir='ltr'><strong>formosior,</strong></span> <span class='ocrx_word' id='word_1_169' title='bbox 1072 3726 1119 3785; x_wconf 86' lang='lat' dir='ltr'><strong>ac,</strong></span> <span class='ocrx_word' id='word_1_170' title='bbox 1141 3710 1167 3766; x_wconf 82' lang='lat' dir='ltr'><strong>oi</strong></span> <span class='ocrx_word' id='word_1_171' title='bbox 1409 3707 1452 3773; x_wconf 82' lang='lat'><strong>25</strong></span> 
     </span>
     <span class='ocr_line' id='line_1_29' title="bbox 398 3800 1357 3888; baseline 0.004 -26"><span class='ocrx_word' id='word_1_172' title='bbox 398 3800 508 3863; x_wconf 78' lang='lat' dir='ltr'><strong>fabula</strong></span> <span class='ocrx_word' id='word_1_173' title='bbox 529 3820 591 3862; x_wconf 87' lang='lat' dir='ltr'><strong>non</strong></span> <span class='ocrx_word' id='word_1_174' title='bbox 614 3809 696 3864; x_wconf 82' lang='lat' dir='ltr'><strong>vona</strong></span> <span class='ocrx_word' id='word_1_175' title='bbox 718 3813 779 3882; x_wconf 82' lang='lat' dir='ltr'><strong>ert,</strong></span> <span class='ocrx_word' id='word_1_176' title='bbox 801 3813 892 3865; x_wconf 86' lang='lat' dir='ltr'><strong>tauro</strong></span> <span class='ocrx_word' id='word_1_177' title='bbox 915 3808 989 3866; x_wconf 89' lang='lat' dir='ltr'><strong>iove</strong></span> <span class='ocrx_word' id='word_1_178' title='bbox 1011 3805 1118 3888; x_wconf 81' lang='lat' dir='ltr'><strong>digna,</strong></span> <span class='ocrx_word' id='word_1_179' title='bbox 1139 3804 1192 3866; x_wconf 89' lang='lat' dir='ltr'><strong>vei</strong></span> <span class='ocrx_word' id='word_1_180' title='bbox 1215 3824 1292 3866; x_wconf 84' lang='lat' dir='ltr'><strong>euro</strong></span> <span class='ocrx_word' id='word_1_181' title='bbox 1313 3841 1357 3852; x_wconf 90' lang='lat'><em>-</em></span> 
     </span>
     <span class='ocr_line' id='line_1_30' title="bbox 397 3902 1276 3985; baseline 0.005 -21"><span class='ocrx_word' id='word_1_182' title='bbox 397 3904 541 3983; x_wconf 84' lang='lat' dir='ltr'><strong>luppiter</strong></span> <span class='ocrx_word' id='word_1_183' title='bbox 563 3909 690 3964; x_wconf 76' lang='lat' dir='ltr'><strong>evertes</strong></span> <span class='ocrx_word' id='word_1_184' title='bbox 713 3922 821 3965; x_wconf 82' lang='lat' dir='ltr'><strong>eurem</strong></span> <span class='ocrx_word' id='word_1_185' title='bbox 843 3941 887 3951; x_wconf 90' lang='lat'><em>-</em></span> <span class='ocrx_word' id='word_1_186' title='bbox 907 3923 978 3966; x_wconf 84' lang='lat' dir='ltr'><strong>mee</strong></span> <span class='ocrx_word' id='word_1_187' title='bbox 1001 3902 1068 3964; x_wconf 81' lang='lat' dir='ltr'><strong>sole</strong></span> <span class='ocrx_word' id='word_1_188' title='bbox 1090 3903 1197 3985; x_wconf 83' lang='lat' dir='ltr'><strong>pueiio</strong></span> <span class='ocrx_word' id='word_1_189' title='bbox 1219 3914 1276 3969; x_wconf 82' lang='lat' dir='ltr'><strong>ert.</strong></span> 
     </span>
     <span class='ocr_line' id='line_1_31' title="bbox 398 4000 1258 4089; baseline 0.003 -26"><span class='ocrx_word' id='word_1_190' title='bbox 398 4000 487 4063; x_wconf 82' lang='lat' dir='ltr'><strong>Felix</strong></span> <span class='ocrx_word' id='word_1_191' title='bbox 509 4010 611 4080; x_wconf 74' lang='lat' dir='ltr'><strong>tauro,</strong></span> <span class='ocrx_word' id='word_1_192' title='bbox 634 4009 725 4082; x_wconf 84' lang='lat' dir='ltr'><strong>poter</strong></span> <span class='ocrx_word' id='word_1_193' title='bbox 745 4005 850 4085; x_wconf 79' lang='lat' dir='ltr'><strong>magni</strong></span> <span class='ocrx_word' id='word_1_194' title='bbox 872 4006 978 4089; x_wconf 71' lang='lat' dir='ltr'><strong>gregis</strong></span> <span class='ocrx_word' id='word_1_195' title='bbox 1000 4011 1034 4064; x_wconf 93' lang='lat' dir='ltr'><strong>et</strong></span> <span class='ocrx_word' id='word_1_196' title='bbox 1055 4002 1162 4078; x_wconf 81' lang='lat' dir='ltr'><strong>decor,</strong></span> <span class='ocrx_word' id='word_1_197' title='bbox 1184 4023 1203 4064; x_wconf 79' lang='lat' dir='ltr'><strong>a</strong></span> <span class='ocrx_word' id='word_1_198' title='bbox 1224 4011 1258 4066; x_wconf 89' lang='lat' dir='ltr'><strong>te</strong></span> 
     </span>
     <span class='ocr_line' id='line_1_32' title="bbox 397 4100 1208 4185; baseline 0.001 -21"><span class='ocrx_word' id='word_1_199' title='bbox 397 4100 527 4165; x_wconf 81' lang='lat' dir='ltr'><strong>vaccule</strong></span> <span class='ocrx_word' id='word_1_200' title='bbox 547 4121 609 4161; x_wconf 89' lang='lat' dir='ltr'><strong>non</strong></span> <span class='ocrx_word' id='word_1_201' title='bbox 634 4120 769 4180; x_wconf 85' lang='lat' dir='ltr'><strong>unquam</strong></span> <span class='ocrx_word' id='word_1_202' title='bbox 793 4111 919 4163; x_wconf 77' lang='lat' dir='ltr'><strong>recreta</strong></span> <span class='ocrx_word' id='word_1_203' title='bbox 938 4103 1056 4165; x_wconf 76' lang='lat' dir='ltr'><strong>cubilia</strong></span> <span class='ocrx_word' id='word_1_204' title='bbox 1078 4112 1208 4185; x_wconf 74' lang='lat' dir='ltr'><strong>capon·</strong></span> 
     </span>
     <span class='ocr_line' id='line_1_33' title="bbox 397 4198 1451 4285; baseline 0.009 -24"><span class='ocrx_word' id='word_1_205' title='bbox 397 4203 516 4263; x_wconf 71' lang='lat' dir='ltr'><strong>frustra</strong></span> <span class='ocrx_word' id='word_1_206' title='bbox 538 4208 570 4262; x_wconf 86' lang='lat' dir='ltr'><strong>te</strong></span> <span class='ocrx_word' id='word_1_207' title='bbox 592 4203 710 4281; x_wconf 86' lang='lat' dir='ltr'><strong>patitur</strong></span> <span class='ocrx_word' id='word_1_208' title='bbox 730 4198 817 4262; x_wconf 78' lang='lat' dir='ltr'><strong>silvi·</strong></span> <span class='ocrx_word' id='word_1_209' title='bbox 839 4205 960 4285; x_wconf 87' lang='lat' dir='ltr'><strong>mugire</strong></span> <span class='ocrx_word' id='word_1_210' title='bbox 983 4201 1133 4266; x_wconf 84' lang='lat' dir='ltr'><strong>dolorem.</strong></span> <span class='ocrx_word' id='word_1_211' title='bbox 1409 4203 1451 4270; x_wconf 82' lang='grc'><strong>30</strong></span> 
     </span>
     <span class='ocr_line' id='line_1_34' title="bbox 400 4297 1195 4383; baseline 0.006 -24"><span class='ocrx_word' id='word_1_212' title='bbox 400 4299 443 4372; x_wconf 77' lang='lat' dir='ltr'><strong>Et</strong></span> <span class='ocrx_word' id='word_1_213' title='bbox 463 4306 556 4379; x_wconf 84' lang='lat' dir='ltr'><strong>pater</strong></span> <span class='ocrx_word' id='word_1_214' title='bbox 576 4297 750 4360; x_wconf 81' lang='lat' dir='ltr'><strong>haedorum</strong></span> <span class='ocrx_word' id='word_1_215' title='bbox 772 4297 849 4361; x_wconf 79' lang='lat' dir='ltr'><strong>felix</strong></span> <span class='ocrx_word' id='word_1_216' title='bbox 872 4318 1060 4383; x_wconf 74' lang='lat' dir='ltr'><strong>semperque</strong></span> <span class='ocrx_word' id='word_1_217' title='bbox 1083 4305 1195 4364; x_wconf 78' lang='lat' dir='ltr'><strong>beate:</strong></span> 
     </span>
     <span class='ocr_line' id='line_1_35' title="bbox 399 4399 1239 4484; baseline 0.004 -26"><span class='ocrx_word' id='word_1_218' title='bbox 399 4399 468 4460; x_wconf 82' lang='lat' dir='ltr'><strong>sive</strong></span> <span class='ocrx_word' id='word_1_219' title='bbox 490 4401 574 4479; x_wconf 76' lang='lat' dir='ltr'><strong>petre</strong></span> <span class='ocrx_word' id='word_1_220' title='bbox 596 4405 719 4460; x_wconf 75' lang='lat' dir='ltr'><strong>montes</strong></span> <span class='ocrx_word' id='word_1_221' title='bbox 741 4405 942 4479; x_wconf 75' lang='lat' dir='ltr'><strong>praeruptos,</strong></span> <span class='ocrx_word' id='word_1_222' title='bbox 964 4417 1037 4462; x_wconf 79' lang='lat' dir='ltr'><strong>sera</strong></span> <span class='ocrx_word' id='word_1_223' title='bbox 1058 4420 1239 4484; x_wconf 80' lang='lat' dir='ltr'><strong>pererrem,</strong></span> 
     </span>
    </p>
   </div>
   <div class='ocr_carea' id='block_1_5' title="bbox 0 0 1747 4967">
    <p class='ocr_par' dir='ltr' id='par_1_5' title="bbox 0 0 1747 4967">
     <span class='ocr_line' id='line_1_36' title="bbox 0 0 1747 4967; baseline 0 0"><span class='ocrx_word' id='word_1_224' title='bbox 0 0 1747 4967; x_wconf 95' lang='lat' dir='ltr'><strong> </strong></span> 
     </span>
    </p>
   </div>
  </div>
 </body>
</html>
