<?xml version="1.0" encoding="UTF-8"?>
<!DOCTYPE html PUBLIC "-//W3C//DTD XHTML 1.0 Transitional//EN"
    "http://www.w3.org/TR/xhtml1/DTD/xhtml1-transitional.dtd">
<html xmlns="http://www.w3.org/1999/xhtml" xml:lang="en" lang="en">
 <head>
  <title>
</title>
<meta http-equiv="Content-Type" content="text/html;charset=utf-8" />
  <meta name='ocr-system' content='tesseract 3.04.00' />
  <meta name='ocr-capabilities' content='ocr_page ocr_carea ocr_par ocr_line ocrx_word'/>
</head>
<body>
  <div class='ocr_page' id='page_1' title='image "./valericatonisqu00goebgoog_0011.png"; bbox 0 0 3484 4967; ppageno 0'>
   <div class='ocr_carea' id='block_1_1' title="bbox 896 490 914 555">
    <p class='ocr_par' dir='ltr' id='par_1_1' title="bbox 896 490 914 555">
     <span class='ocr_line' id='line_1_1' title="bbox 896 490 914 555; baseline 0 0"><span class='ocrx_word' id='word_1_1' title='bbox 896 490 914 555; x_wconf 88' lang='lat'><strong>7</strong></span> 
     </span>
    </p>
   </div>
   <div class='ocr_carea' id='block_1_2' title="bbox 187 654 1492 740">
    <p class='ocr_par' dir='ltr' id='par_1_2' title="bbox 187 654 1492 740">
     <span class='ocr_line' id='line_1_2' title="bbox 187 654 1492 740; baseline 0.003 -24"><span class='ocrx_word' id='word_1_2' title='bbox 187 705 189 716; x_wconf 92' lang='lat'>.</span> <span class='ocrx_word' id='word_1_3' title='bbox 317 675 429 720; x_wconf 87' lang='lat' dir='ltr'><strong>versus</strong></span> <span class='ocrx_word' id='word_1_4' title='bbox 456 654 666 722; x_wconf 73' lang='lat' dir='ltr'><strong>intercalares</strong></span> <span class='ocrx_word' id='word_1_5' title='bbox 698 663 879 737; x_wconf 72' lang='lat' dir='ltr'><strong>systemate.</strong></span> <span class='ocrx_word' id='word_1_6' title='bbox 923 657 1040 729; x_wconf 18' lang='lat' dir='ltr'><strong>,Naeke</strong></span> <span class='ocrx_word' id='word_1_7' title='bbox 1067 677 1097 740; x_wconf 89' lang='lat' dir='ltr'><strong>p.</strong></span> <span class='ocrx_word' id='word_1_8' title='bbox 1124 655 1175 723; x_wconf 74' lang='lat'><strong>24</strong></span> <span class='ocrx_word' id='word_1_9' title='bbox 1226 657 1290 722; x_wconf 85' lang='lat' dir='ltr'><strong>Sed</strong></span> <span class='ocrx_word' id='word_1_10' title='bbox 1319 657 1492 734; x_wconf 81' lang='lat' dir='ltr'><strong>videamus,</strong></span> 
     </span>
    </p>
   </div>
   <div class='ocr_carea' id='block_1_3' title="bbox 316 756 1491 840">
    <p class='ocr_par' dir='ltr' id='par_1_3' title="bbox 316 756 1491 840">
     <span class='ocr_line' id='line_1_3' title="bbox 316 756 1491 840; baseline 0.002 -22"><span class='ocrx_word' id='word_1_11' title='bbox 316 760 442 838; x_wconf 74' lang='lat' dir='ltr'><strong>pruinam</strong></span> <span class='ocrx_word' id='word_1_12' title='bbox 464 775 577 823; x_wconf 87' lang='lat' dir='ltr'><strong>versus</strong></span> <span class='ocrx_word' id='word_1_13' title='bbox 598 756 806 826; x_wconf 69' lang='lat' dir='ltr'><strong>intercalares</strong></span> <span class='ocrx_word' id='word_1_14' title='bbox 820 759 960 824; x_wconf 82' lang='lat' dir='ltr'><strong>habendi</strong></span> <span class='ocrx_word' id='word_1_15' title='bbox 981 761 1052 823; x_wconf 88' lang='lat' dir='ltr'><strong>sint.</strong></span> <span class='ocrx_word' id='word_1_16' title='bbox 1081 758 1300 836; x_wconf 85' lang='lat' dir='ltr'><strong>intercalares,</strong></span> <span class='ocrx_word' id='word_1_17' title='bbox 1322 758 1491 840; x_wconf 82' lang='lat' dir='ltr'><strong>dequibus</strong></span> 
     </span>
    </p>
   </div>
   <div class='ocr_carea' id='block_1_4' title="bbox 184 855 884 938">
    <p class='ocr_par' dir='ltr' id='par_1_4' title="bbox 184 855 884 938">
     <span class='ocr_line' id='line_1_4' title="bbox 184 855 884 938; baseline 0.003 -20"><span class='ocrx_word' id='word_1_18' title='bbox 184 882 185 888; x_wconf 48' lang='lat'>¹</span> <span class='ocrx_word' id='word_1_19' title='bbox 316 877 409 919; x_wconf 87' lang='lat' dir='ltr'><strong>nemo</strong></span> <span class='ocrx_word' id='word_1_20' title='bbox 427 855 578 919; x_wconf 51' lang='lat' dir='ltr'><strong>¹dubitare</strong></span> <span class='ocrx_word' id='word_1_21' title='bbox 600 864 717 938; x_wconf 85' lang='lat' dir='ltr'><strong>potest,</strong></span> <span class='ocrx_word' id='word_1_22' title='bbox 738 856 772 920; x_wconf 91' lang='lat' dir='ltr'><strong>hi</strong></span> <span class='ocrx_word' id='word_1_23' title='bbox 794 867 884 921; x_wconf 84' lang='lat' dir='ltr'><strong>sunt:</strong></span> 
     </span>
    </p>
   </div>
   <div class='ocr_carea' id='block_1_5' title="bbox 364 954 1402 1458">
    <p class='ocr_par' dir='ltr' id='par_1_5' title="bbox 573 954 710 1022">
     <span class='ocr_line' id='line_1_5' title="bbox 573 954 710 1022; baseline 0 -4"><span class='ocrx_word' id='word_1_24' title='bbox 573 954 601 1020; x_wconf 91' lang='lat'><strong>1.</strong></span> <span class='ocrx_word' id='word_1_25' title='bbox 624 976 653 1022; x_wconf 85' lang='lat' dir='ltr'><strong>v.</strong></span> <span class='ocrx_word' id='word_1_26' title='bbox 676 955 710 1018; x_wconf 82' lang='lat'><strong>1:</strong></span> 
     </span>
    </p>

    <p class='ocr_par' dir='ltr' id='par_1_6' title="bbox 367 1058 1253 1240">
     <span class='ocr_line' id='line_1_6' title="bbox 367 1058 1253 1156; baseline 0.002 -25"><span class='ocrx_word' id='word_1_27' title='bbox 367 1058 516 1153; x_wconf 82' lang='lat' dir='ltr'><strong>Battara,</strong></span> <span class='ocrx_word' id='word_1_28' title='bbox 544 1079 696 1154; x_wconf 78' lang='lat' dir='ltr'><strong>cycneas</strong></span> <span class='ocrx_word' id='word_1_29' title='bbox 722 1069 919 1156; x_wconf 71' lang='lat' dir='ltr'><strong>repetamus</strong></span> <span class='ocrx_word' id='word_1_30' title='bbox 946 1061 1098 1133; x_wconf 75' lang='lat' dir='ltr'><strong>carmine</strong></span> <span class='ocrx_word' id='word_1_31' title='bbox 1124 1081 1253 1149; x_wconf 80' lang='lat' dir='ltr'><strong>voces3</strong></span> 
     </span>
     <span class='ocr_line' id='line_1_7' title="bbox 570 1170 731 1240; baseline -0.031 0"><span class='ocrx_word' id='word_1_32' title='bbox 570 1172 599 1240; x_wconf 80' lang='grc'><strong>2.</strong></span> <span class='ocrx_word' id='word_1_33' title='bbox 622 1193 650 1238; x_wconf 87' lang='lat' dir='ltr'><strong>v.</strong></span> <span class='ocrx_word' id='word_1_34' title='bbox 674 1170 731 1236; x_wconf 86' lang='lat'><strong>14:</strong></span> 
     </span>
    </p>

    <p class='ocr_par' dir='ltr' id='par_1_7' title="bbox 364 1275 1402 1458">
     <span class='ocr_line' id='line_1_8' title="bbox 364 1275 1402 1374; baseline 0.002 -26"><span class='ocrx_word' id='word_1_35' title='bbox 364 1275 499 1352; x_wconf 82' lang='lat' dir='ltr'><strong>Rursus</strong></span> <span class='ocrx_word' id='word_1_36' title='bbox 526 1289 562 1351; x_wconf 88' lang='lat' dir='ltr'><strong>ot</strong></span> <span class='ocrx_word' id='word_1_37' title='bbox 586 1279 654 1351; x_wconf 89' lang='lat' dir='ltr'><strong>hoo</strong></span> <span class='ocrx_word' id='word_1_38' title='bbox 679 1282 802 1370; x_wconf 72' lang='lat' dir='ltr'><strong>iterum</strong></span> <span class='ocrx_word' id='word_1_39' title='bbox 829 1287 1038 1374; x_wconf 88' lang='lat' dir='ltr'><strong>repetamus,</strong></span> <span class='ocrx_word' id='word_1_40' title='bbox 1065 1276 1216 1369; x_wconf 82' lang='lat' dir='ltr'><strong>Battara,</strong></span> <span class='ocrx_word' id='word_1_41' title='bbox 1243 1297 1402 1366; x_wconf 79' lang='lat' dir='ltr'><strong>oarmeu3</strong></span> 
     </span>
     <span class='ocr_line' id='line_1_9' title="bbox 570 1390 825 1458; baseline -0.004 -4"><span class='ocrx_word' id='word_1_42' title='bbox 570 1390 825 1458; x_wconf 57' lang='lat' dir='ltr'><strong>dmffist</strong></span> 
     </span>
    </p>
   </div>
   <div class='ocr_carea' id='block_1_6' title="bbox 367 1491 1423 1672">
    <p class='ocr_par' dir='ltr' id='par_1_8' title="bbox 367 1491 1423 1672">
     <span class='ocr_line' id='line_1_10' title="bbox 367 1491 1423 1590; baseline 0.006 -28"><span class='ocrx_word' id='word_1_43' title='bbox 367 1491 428 1563; x_wconf 83' lang='lat' dir='ltr'><strong>Sic</strong></span> <span class='ocrx_word' id='word_1_44' title='bbox 451 1515 590 1588; x_wconf 89' lang='lat' dir='ltr'><strong>precor,</strong></span> <span class='ocrx_word' id='word_1_45' title='bbox 614 1503 650 1566; x_wconf 87' lang='lat' dir='ltr'><strong>et</strong></span> <span class='ocrx_word' id='word_1_46' title='bbox 675 1498 804 1570; x_wconf 86' lang='lat' dir='ltr'><strong>nostris</strong></span> <span class='ocrx_word' id='word_1_47' title='bbox 832 1503 997 1590; x_wconf 89' lang='lat' dir='ltr'><strong>superent</strong></span> <span class='ocrx_word' id='word_1_48' title='bbox 1022 1493 1110 1565; x_wconf 85' lang='lat' dir='ltr'><strong>haec</strong></span> <span class='ocrx_word' id='word_1_49' title='bbox 1137 1498 1289 1568; x_wconf 87' lang='lat' dir='ltr'><strong>carmina</strong></span> <span class='ocrx_word' id='word_1_50' title='bbox 1314 1496 1423 1583; x_wconf 89' lang='lat' dir='ltr'><strong>votis;</strong></span> 
     </span>
     <span class='ocr_line' id='line_1_11' title="bbox 568 1605 729 1672; baseline 0.006 -4"><span class='ocrx_word' id='word_1_51' title='bbox 568 1605 599 1671; x_wconf 90' lang='lat'><strong>4.</strong></span> <span class='ocrx_word' id='word_1_52' title='bbox 622 1628 650 1672; x_wconf 91' lang='lat' dir='ltr'><strong>v.</strong></span> <span class='ocrx_word' id='word_1_53' title='bbox 671 1605 729 1671; x_wconf 81' lang='lat'><strong>54:</strong></span> 
     </span>
    </p>
   </div>
   <div class='ocr_carea' id='block_1_7' title="bbox 364 1708 1372 2324">
    <p class='ocr_par' dir='ltr' id='par_1_9' title="bbox 366 1708 1372 1890">
     <span class='ocr_line' id='line_1_12' title="bbox 366 1708 1372 1804; baseline 0.002 -25"><span class='ocrx_word' id='word_1_54' title='bbox 366 1708 512 1785; x_wconf 81' lang='lat' dir='ltr'><strong>Tristius</strong></span> <span class='ocrx_word' id='word_1_55' title='bbox 540 1710 619 1804; x_wconf 92' lang='lat' dir='ltr'><strong>hoc,</strong></span> <span class='ocrx_word' id='word_1_56' title='bbox 645 1711 796 1804; x_wconf 84' lang='lat' dir='ltr'><strong>memini,</strong></span> <span class='ocrx_word' id='word_1_57' title='bbox 823 1713 1011 1803; x_wconf 78' lang='lat' dir='ltr'><strong>revocasti,</strong></span> <span class='ocrx_word' id='word_1_58' title='bbox 1036 1709 1188 1802; x_wconf 78' lang='lat' dir='ltr'><strong>Baitero,</strong></span> <span class='ocrx_word' id='word_1_59' title='bbox 1213 1732 1372 1800; x_wconf 82' lang='lat' dir='ltr'><strong>carmen3</strong></span> 
     </span>
     <span class='ocr_line' id='line_1_13' title="bbox 568 1822 732 1890; baseline -0.012 -2"><span class='ocrx_word' id='word_1_60' title='bbox 568 1822 598 1890; x_wconf 84' lang='lat'><strong>5.</strong></span> <span class='ocrx_word' id='word_1_61' title='bbox 623 1845 651 1889; x_wconf 91' lang='lat' dir='ltr'><strong>v.</strong></span> <span class='ocrx_word' id='word_1_62' title='bbox 674 1823 732 1888; x_wconf 83' lang='lat'><strong>71:</strong></span> 
     </span>
    </p>

    <p class='ocr_par' dir='ltr' id='par_1_10' title="bbox 364 1923 1370 2108">
     <span class='ocr_line' id='line_1_14' title="bbox 364 1923 1370 2023; baseline 0.002 -28"><span class='ocrx_word' id='word_1_63' title='bbox 364 1923 510 2000; x_wconf 86' lang='lat' dir='ltr'><strong>Dulcius</strong></span> <span class='ocrx_word' id='word_1_64' title='bbox 537 1926 616 2023; x_wconf 87' lang='lat' dir='ltr'><strong>hoc,</strong></span> <span class='ocrx_word' id='word_1_65' title='bbox 639 1930 792 2021; x_wconf 87' lang='lat' dir='ltr'><strong>memini,</strong></span> <span class='ocrx_word' id='word_1_66' title='bbox 819 1929 1006 2019; x_wconf 79' lang='lat' dir='ltr'><strong>revocasti,</strong></span> <span class='ocrx_word' id='word_1_67' title='bbox 1031 1925 1182 2020; x_wconf 78' lang='lat' dir='ltr'><strong>Battara,</strong></span> <span class='ocrx_word' id='word_1_68' title='bbox 1210 1947 1370 2017; x_wconf 82' lang='lat' dir='ltr'><strong>carmen3</strong></span> 
     </span>
     <span class='ocr_line' id='line_1_15' title="bbox 566 2039 725 2108; baseline 0.013 -3"><span class='ocrx_word' id='word_1_69' title='bbox 566 2039 596 2105; x_wconf 87' lang='grc'><strong>6.</strong></span> <span class='ocrx_word' id='word_1_70' title='bbox 619 2062 647 2105; x_wconf 89' lang='lat' dir='ltr'><strong>v.</strong></span> <span class='ocrx_word' id='word_1_71' title='bbox 671 2039 725 2108; x_wconf 83' lang='lat'><strong>75:</strong></span> 
     </span>
    </p>

    <p class='ocr_par' dir='ltr' id='par_1_11' title="bbox 365 2133 1316 2324">
     <span class='ocr_line' id='line_1_16' title="bbox 365 2133 1316 2232; baseline -0.003 -16"><span class='ocrx_word' id='word_1_72' title='bbox 365 2142 523 2222; x_wconf 85' lang='lat' dir='ltr'><strong>Tristius.</strong></span> <span class='ocrx_word' id='word_1_73' title='bbox 538 2144 607 2218; x_wconf 88' lang='lat' dir='ltr'><strong>hoo</strong></span> <span class='ocrx_word' id='word_1_74' title='bbox 631 2133 766 2221; x_wconf 81' lang='lat' dir='ltr'><strong>rursum</strong></span> <span class='ocrx_word' id='word_1_75' title='bbox 789 2145 880 2223; x_wconf 79' lang='lat' dir='ltr'><strong>dixit</strong></span> <span class='ocrx_word' id='word_1_76' title='bbox 903 2167 982 2220; x_wconf 90' lang='lat' dir='ltr'><strong>moa</strong></span> <span class='ocrx_word' id='word_1_77' title='bbox 1008 2143 1121 2219; x_wconf 85' lang='lat' dir='ltr'><strong>fistula</strong></span> <span class='ocrx_word' id='word_1_78' title='bbox 1147 2165 1316 2232; x_wconf 64' lang='lat' dir='ltr'><strong>carmenp</strong></span> 
     </span>
     <span class='ocr_line' id='line_1_17' title="bbox 569 2256 728 2324; baseline -0.013 0"><span class='ocrx_word' id='word_1_79' title='bbox 569 2257 597 2324; x_wconf 93' lang='lat'><strong>7.</strong></span> <span class='ocrx_word' id='word_1_80' title='bbox 620 2278 648 2323; x_wconf 91' lang='lat' dir='ltr'><strong>v.</strong></span> <span class='ocrx_word' id='word_1_81' title='bbox 670 2256 728 2324; x_wconf 78' lang='lat'><strong>97:</strong></span> 
     </span>
    </p>
   </div>
   <div class='ocr_carea' id='block_1_8' title="bbox 312 2358 1489 2548">
    <p class='ocr_par' dir='ltr' id='par_1_12' title="bbox 312 2358 1489 2548">
     <span class='ocr_line' id='line_1_18' title="bbox 364 2358 1304 2451; baseline -0.003 -16"><span class='ocrx_word' id='word_1_82' title='bbox 364 2358 564 2435; x_wconf 80' lang='lat' dir='ltr'><strong>Extremum</strong></span> <span class='ocrx_word' id='word_1_83' title='bbox 591 2382 731 2437; x_wconf 89' lang='lat' dir='ltr'><strong>carmen</strong></span> <span class='ocrx_word' id='word_1_84' title='bbox 756 2381 977 2451; x_wconf 85' lang='lat' dir='ltr'><strong>revocemus,</strong></span> <span class='ocrx_word' id='word_1_85' title='bbox 1003 2360 1153 2450; x_wconf 83' lang='lat' dir='ltr'><strong>Battara,</strong></span> <span class='ocrx_word' id='word_1_86' title='bbox 1180 2381 1304 2432; x_wconf 84' lang='lat' dir='ltr'><strong>avena.</strong></span> 
     </span>
     <span class='ocr_line' id='line_1_19' title="bbox 312 2471 1489 2548; baseline -0.003 -10"><span class='ocrx_word' id='word_1_87' title='bbox 312 2475 515 2548; x_wconf 78' lang='lat' dir='ltr'><strong>Praeterhos</strong></span> <span class='ocrx_word' id='word_1_88' title='bbox 528 2473 789 2542; x_wconf 69' lang='lat' dir='ltr'><strong>recusaremus</strong></span> <span class='ocrx_word' id='word_1_89' title='bbox 803 2471 979 2538; x_wconf 78' lang='lat' dir='ltr'><strong>secuudum</strong></span> <span class='ocrx_word' id='word_1_90' title='bbox 993 2480 1026 2537; x_wconf 83' lang='lat' dir='ltr'><strong>et</strong></span> <span class='ocrx_word' id='word_1_91' title='bbox 1039 2475 1169 2535; x_wconf 82' lang='lat' dir='ltr'><strong>tertium</strong></span> <span class='ocrx_word' id='word_1_92' title='bbox 1183 2474 1331 2536; x_wconf 84' lang='lat' dir='ltr'><strong>carminis</strong></span> <span class='ocrx_word' id='word_1_93' title='bbox 1346 2479 1379 2535; x_wconf 88' lang='lat' dir='ltr'><strong>et</strong></span> <span class='ocrx_word' id='word_1_94' title='bbox 1392 2473 1489 2534; x_wconf 84' lang='lat' dir='ltr'><strong>lrosco</strong></span> 
     </span>
    </p>
   </div>
   <div class='ocr_carea' id='block_1_9' title="bbox 313 2574 897 2743">
    <p class='ocr_par' dir='ltr' id='par_1_13' title="bbox 313 2574 897 2743">
     <span class='ocr_line' id='line_1_20' title="bbox 313 2574 897 2738; baseline -0.009 -98"><span class='ocrx_word' id='word_1_95' title='bbox 313 2580 345 2640; x_wconf 88' lang='lat' dir='ltr'><strong>ie</strong></span> <span class='ocrx_word' id='word_1_96' title='bbox 367 2595 499 2644; x_wconf 85' lang='lat' dir='ltr'><strong>numero</strong></span> <span class='ocrx_word' id='word_1_97' title='bbox 521 2574 759 2738; x_wconf 69' lang='lat' dir='ltr'><strong>intpreslsrium</strong></span> <span class='ocrx_word' id='word_1_98' title='bbox 779 2575 897 2637; x_wconf 67' lang='lat' dir='ltr'><strong>datm:</strong></span> 
     </span>
     <span class='ocr_line' id='line_1_21' title="bbox 590 2673 708 2743; baseline -0.017 -4"><span class='ocrx_word' id='word_1_99' title='bbox 590 2726 597 2740; x_wconf 94' lang='lat'><strong>.</strong></span> <span class='ocrx_word' id='word_1_100' title='bbox 621 2695 649 2740; x_wconf 91' lang='lat' dir='ltr'><strong>v.</strong></span> <span class='ocrx_word' id='word_1_101' title='bbox 673 2673 708 2743; x_wconf 80' lang='lat'><strong>7:</strong></span> 
     </span>
    </p>
   </div>
   <div class='ocr_carea' id='block_1_10' title="bbox 364 2775 1353 2956">
    <p class='ocr_par' dir='ltr' id='par_1_14' title="bbox 364 2775 1353 2956">
     <span class='ocr_line' id='line_1_22' title="bbox 364 2775 1353 2880; baseline -0.004 -30"><span class='ocrx_word' id='word_1_102' title='bbox 364 2777 470 2851; x_wconf 84' lang='lat' dir='ltr'><strong>llulta</strong></span> <span class='ocrx_word' id='word_1_103' title='bbox 495 2779 604 2874; x_wconf 86' lang='lat' dir='ltr'><strong>prius,</strong></span> <span class='ocrx_word' id='word_1_104' title='bbox 628 2778 733 2850; x_wconf 88' lang='lat' dir='ltr'><strong>luerit</strong></span> <span class='ocrx_word' id='word_1_105' title='bbox 758 2799 859 2872; x_wconf 70' lang='lat' dir='ltr'><strong>qum</strong></span> <span class='ocrx_word' id='word_1_106' title='bbox 883 2798 954 2848; x_wconf 92' lang='lat' dir='ltr'><strong>uon</strong></span> <span class='ocrx_word' id='word_1_107' title='bbox 980 2797 1058 2848; x_wconf 92' lang='lat' dir='ltr'><strong>mea</strong></span> <span class='ocrx_word' id='word_1_108' title='bbox 1083 2775 1194 2880; x_wconf 78' lang='lat' dir='ltr'><strong>lilrera</strong></span> <span class='ocrx_word' id='word_1_109' title='bbox 1219 2797 1353 2865; x_wconf 81' lang='lat' dir='ltr'><strong>avena3</strong></span> 
     </span>
     <span class='ocr_line' id='line_1_23' title="bbox 567 2889 728 2956; baseline -0.012 -1"><span class='ocrx_word' id='word_1_110' title='bbox 567 2891 597 2956; x_wconf 79' lang='lat'><strong>2.</strong></span> <span class='ocrx_word' id='word_1_111' title='bbox 621 2913 648 2956; x_wconf 85' lang='lat' dir='ltr'><strong>v.</strong></span> <span class='ocrx_word' id='word_1_112' title='bbox 672 2889 728 2954; x_wconf 72' lang='lat'><strong>192</strong></span> 
     </span>
    </p>
   </div>
   <div class='ocr_carea' id='block_1_11' title="bbox 365 2991 1231 3173">
    <p class='ocr_par' dir='ltr' id='par_1_15' title="bbox 365 2991 1231 3173">
     <span class='ocr_line' id='line_1_24' title="bbox 365 2991 1231 3096; baseline -0.005 -28"><span class='ocrx_word' id='word_1_113' title='bbox 365 2995 438 3069; x_wconf 90' lang='lat' dir='ltr'><strong>Nec</strong></span> <span class='ocrx_word' id='word_1_114' title='bbox 464 2995 556 3069; x_wconf 85' lang='lat' dir='ltr'><strong>desit</strong></span> <span class='ocrx_word' id='word_1_115' title='bbox 579 2996 716 3096; x_wconf 32' lang='lat' dir='ltr'><strong>nostris,</strong></span> <span class='ocrx_word' id='word_1_116' title='bbox 737 2991 900 3065; x_wconf 91' lang='lat' dir='ltr'><strong>devotum</strong></span> <span class='ocrx_word' id='word_1_117' title='bbox 926 3012 1065 3063; x_wconf 90' lang='lat' dir='ltr'><strong>carmen</strong></span> <span class='ocrx_word' id='word_1_118' title='bbox 1092 2992 1231 3077; x_wconf 88' lang='lat' dir='ltr'><strong>avenis;</strong></span> 
     </span>
     <span class='ocr_line' id='line_1_25' title="bbox 563 3103 726 3173; baseline -0.037 -1"><span class='ocrx_word' id='word_1_119' title='bbox 563 3105 595 3172; x_wconf 83' lang='lat'><strong>3.</strong></span> <span class='ocrx_word' id='word_1_120' title='bbox 617 3128 645 3173; x_wconf 85' lang='lat' dir='ltr'><strong>v.</strong></span> <span class='ocrx_word' id='word_1_121' title='bbox 667 3103 726 3169; x_wconf 83' lang='lat'><strong>30:</strong></span> 
     </span>
    </p>
   </div>
   <div class='ocr_carea' id='block_1_12' title="bbox 365 3206 1403 3525">
    <p class='ocr_par' dir='ltr' id='par_1_16' title="bbox 365 3206 1403 3525">
     <span class='ocr_line' id='line_1_26' title="bbox 365 3206 1403 3310; baseline -0.008 -24"><span class='ocrx_word' id='word_1_122' title='bbox 365 3213 439 3288; x_wconf 89' lang='lat' dir='ltr'><strong>Nec</strong></span> <span class='ocrx_word' id='word_1_123' title='bbox 464 3215 550 3287; x_wconf 86' lang='lat' dir='ltr'><strong>milri</strong></span> <span class='ocrx_word' id='word_1_124' title='bbox 578 3234 686 3310; x_wconf 88' lang='lat' dir='ltr'><strong>saepe</strong></span> <span class='ocrx_word' id='word_1_125' title='bbox 712 3231 826 3283; x_wconf 90' lang='lat' dir='ltr'><strong>meum</strong></span> <span class='ocrx_word' id='word_1_126' title='bbox 852 3206 1042 3304; x_wconf 85' lang='lat' dir='ltr'><strong>resonabit,</strong></span> <span class='ocrx_word' id='word_1_127' title='bbox 1067 3206 1217 3300; x_wconf 84' lang='lat' dir='ltr'><strong>Battara,</strong></span> <span class='ocrx_word' id='word_1_128' title='bbox 1245 3227 1403 3296; x_wconf 67' lang='lat' dir='ltr'><strong>carmem</strong></span> 
     </span>
     <span class='ocr_line' id='line_1_27' title="bbox 568 3325 729 3393; baseline -0.012 -3"><span class='ocrx_word' id='word_1_129' title='bbox 568 3325 598 3393; x_wconf 92' lang='lat'><strong>4.</strong></span> <span class='ocrx_word' id='word_1_130' title='bbox 621 3349 649 3392; x_wconf 86' lang='lat' dir='ltr'><strong>v.</strong></span> <span class='ocrx_word' id='word_1_131' title='bbox 672 3325 729 3391; x_wconf 82' lang='lat'><strong>62:</strong></span> 
     </span>
     <span class='ocr_line' id='line_1_28' title="bbox 365 3425 1218 3525; baseline -0.009 -22"><span class='ocrx_word' id='word_1_132' title='bbox 365 3431 472 3524; x_wconf 88' lang='lat' dir='ltr'><strong>Rura,</strong></span> <span class='ocrx_word' id='word_1_133' title='bbox 499 3431 622 3525; x_wconf 86' lang='lat' dir='ltr'><strong>quibus</strong></span> <span class='ocrx_word' id='word_1_134' title='bbox 648 3429 740 3504; x_wconf 91' lang='lat' dir='ltr'><strong>diras</strong></span> <span class='ocrx_word' id='word_1_135' title='bbox 767 3425 967 3518; x_wconf 85' lang='lat' dir='ltr'><strong>indiximus,</strong></span> <span class='ocrx_word' id='word_1_136' title='bbox 995 3425 1099 3520; x_wconf 91' lang='lat' dir='ltr'><strong>impia</strong></span> <span class='ocrx_word' id='word_1_137' title='bbox 1125 3432 1218 3498; x_wconf 88' lang='lat' dir='ltr'><strong>vota.</strong></span> 
     </span>
    </p>
   </div>
   <div class='ocr_carea' id='block_1_13' title="bbox 315 3520 1564 3628">
    <p class='ocr_par' dir='ltr' id='par_1_17' title="bbox 315 3520 1564 3628">
     <span class='ocr_line' id='line_1_29' title="bbox 315 3520 1564 3628; baseline -0.006 -21"><span class='ocrx_word' id='word_1_138' title='bbox 315 3547 355 3607; x_wconf 88' lang='lat' dir='ltr'><strong>Hi</strong></span> <span class='ocrx_word' id='word_1_139' title='bbox 384 3549 534 3628; x_wconf 78' lang='lat' dir='ltr'><strong>postremi</strong></span> <span class='ocrx_word' id='word_1_140' title='bbox 563 3563 686 3621; x_wconf 85' lang='lat' dir='ltr'><strong>versus,</strong></span> <span class='ocrx_word' id='word_1_141' title='bbox 724 3561 803 3626; x_wconf 89' lang='lat' dir='ltr'><strong>quos</strong></span> <span class='ocrx_word' id='word_1_142' title='bbox 831 3560 895 3602; x_wconf 88' lang='lat' dir='ltr'><strong>uon</strong></span> <span class='ocrx_word' id='word_1_143' title='bbox 924 3557 997 3602; x_wconf 88' lang='lat' dir='ltr'><strong>esse</strong></span> <span class='ocrx_word' id='word_1_144' title='bbox 1025 3534 1234 3621; x_wconf 86' lang='lat' dir='ltr'><strong>intercalares</strong></span> <span class='ocrx_word' id='word_1_145' title='bbox 1262 3535 1428 3617; x_wconf 88' lang='lat' dir='ltr'><strong>contendo,</strong></span> <span class='ocrx_word' id='word_1_146' title='bbox 1457 3540 1490 3600; x_wconf 90' lang='lat' dir='ltr'><strong>in</strong></span> <span class='ocrx_word' id='word_1_147' title='bbox 1563 3520 1564 3541; x_wconf 50' lang='lat'>¹</span> 
     </span>
    </p>
   </div>
   <div class='ocr_carea' id='block_1_14' title="bbox 314 3635 1490 3830">
    <p class='ocr_par' dir='ltr' id='par_1_18' title="bbox 314 3635 1490 3830">
     <span class='ocr_line' id='line_1_30' title="bbox 314 3635 1174 3729; baseline -0.01 -19"><span class='ocrx_word' id='word_1_148' title='bbox 314 3648 514 3729; x_wconf 88' lang='lat' dir='ltr'><strong>stropharum</strong></span> <span class='ocrx_word' id='word_1_149' title='bbox 537 3646 744 3728; x_wconf 87' lang='lat' dir='ltr'><strong>dispositione</strong></span> <span class='ocrx_word' id='word_1_150' title='bbox 767 3659 902 3726; x_wconf 80' lang='lat' dir='ltr'><strong>magnae</strong></span> <span class='ocrx_word' id='word_1_151' title='bbox 924 3647 1017 3702; x_wconf 86' lang='lat' dir='ltr'><strong>eruut</strong></span> <span class='ocrx_word' id='word_1_152' title='bbox 1037 3635 1174 3701; x_wconf 83' lang='lat' dir='ltr'><strong>utilitati.</strong></span> 
     </span>
     <span class='ocr_line' id='line_1_31' title="bbox 397 3733 1490 3830; baseline -0.009 -22"><span class='ocrx_word' id='word_1_153' title='bbox 397 3747 526 3810; x_wconf 86' lang='lat' dir='ltr'><strong>Habent</strong></span> <span class='ocrx_word' id='word_1_154' title='bbox 547 3747 630 3807; x_wconf 89' lang='lat' dir='ltr'><strong>euim</strong></span> <span class='ocrx_word' id='word_1_155' title='bbox 653 3741 824 3830; x_wconf 81' lang='lat' dir='ltr'><strong>singulare</strong></span> <span class='ocrx_word' id='word_1_156' title='bbox 843 3738 1005 3826; x_wconf 82' lang='lat' dir='ltr'><strong>quiddam,</strong></span> <span class='ocrx_word' id='word_1_157' title='bbox 1033 3756 1094 3816; x_wconf 89' lang='lat' dir='ltr'><strong>quo</strong></span> <span class='ocrx_word' id='word_1_158' title='bbox 1125 3742 1159 3799; x_wconf 88' lang='lat' dir='ltr'><strong>et</strong></span> <span class='ocrx_word' id='word_1_159' title='bbox 1184 3737 1224 3798; x_wconf 85' lang='lat' dir='ltr'><strong>ab</strong></span> <span class='ocrx_word' id='word_1_160' title='bbox 1251 3733 1490 3799; x_wconf 86' lang='lat' dir='ltr'><strong>intercalaribus</strong></span> 
     </span>
    </p>
   </div>
   <div class='ocr_carea' id='block_1_15' title="bbox 316 3834 1490 4144">
    <p class='ocr_par' dir='ltr' id='par_1_19' title="bbox 316 3834 1490 4144">
     <span class='ocr_line' id='line_1_32' title="bbox 316 3834 1490 3927; baseline -0.009 -17"><span class='ocrx_word' id='word_1_161' title='bbox 316 3858 349 3910; x_wconf 87' lang='lat' dir='ltr'><strong>et</strong></span> <span class='ocrx_word' id='word_1_162' title='bbox 371 3849 411 3910; x_wconf 81' lang='lat' dir='ltr'><strong>ais</strong></span> <span class='ocrx_word' id='word_1_163' title='bbox 432 3846 565 3927; x_wconf 87' lang='lat' dir='ltr'><strong>reliquis</strong></span> <span class='ocrx_word' id='word_1_164' title='bbox 586 3846 733 3907; x_wconf 82' lang='lat' dir='ltr'><strong>versibus</strong></span> <span class='ocrx_word' id='word_1_165' title='bbox 757 3841 986 3903; x_wconf 83' lang='lat' dir='ltr'><strong>discernuntur.</strong></span> <span class='ocrx_word' id='word_1_166' title='bbox 1021 3836 1086 3896; x_wconf 90' lang='lat' dir='ltr'><strong>Suo</strong></span> <span class='ocrx_word' id='word_1_167' title='bbox 1108 3834 1178 3897; x_wconf 88' lang='lat' dir='ltr'><strong>loco</strong></span> <span class='ocrx_word' id='word_1_168' title='bbox 1198 3835 1387 3916; x_wconf 85' lang='lat' dir='ltr'><strong>videbimur,</strong></span> <span class='ocrx_word' id='word_1_169' title='bbox 1408 3857 1490 3917; x_wconf 85' lang='lat' dir='ltr'><strong>quae</strong></span> 
     </span>
     <span class='ocr_line' id='line_1_33' title="bbox 316 3939 1101 4022; baseline -0.022 -12"><span class='ocrx_word' id='word_1_170' title='bbox 316 3951 363 4011; x_wconf 86' lang='lat' dir='ltr'><strong>uis</strong></span> <span class='ocrx_word' id='word_1_171' title='bbox 383 3946 447 4010; x_wconf 85' lang='lat' dir='ltr'><strong>illis</strong></span> <span class='ocrx_word' id='word_1_172' title='bbox 468 3945 639 4010; x_wconf 86' lang='lat' dir='ltr'><strong>tribuenda</strong></span> <span class='ocrx_word' id='word_1_173' title='bbox 660 3946 710 4007; x_wconf 87' lang='lat' dir='ltr'><strong>sit.</strong></span> <span class='ocrx_word' id='word_1_174' title='bbox 753 3942 835 4002; x_wconf 82' lang='lat' dir='ltr'><strong>&#39;l&#39;res</strong></span> <span class='ocrx_word' id='word_1_175' title='bbox 857 3939 952 4022; x_wconf 90' lang='lat' dir='ltr'><strong>primi</strong></span> <span class='ocrx_word' id='word_1_176' title='bbox 973 3952 1101 3998; x_wconf 81' lang='lat' dir='ltr'><strong>versus:</strong></span> 
     </span>
     <span class='ocr_line' id='line_1_34' title="bbox 415 4037 1295 4144; baseline -0.014 -21"><span class='ocrx_word' id='word_1_177' title='bbox 415 4051 567 4142; x_wconf 83' lang='lat' dir='ltr'><strong>Battara,</strong></span> <span class='ocrx_word' id='word_1_178' title='bbox 595 4067 747 4144; x_wconf 83' lang='lat' dir='ltr'><strong>cycneas</strong></span> <span class='ocrx_word' id='word_1_179' title='bbox 773 4051 970 4139; x_wconf 90' lang='lat' dir='ltr'><strong>repetamus</strong></span> <span class='ocrx_word' id='word_1_180' title='bbox 996 4037 1148 4109; x_wconf 90' lang='lat' dir='ltr'><strong>carmine</strong></span> <span class='ocrx_word' id='word_1_181' title='bbox 1173 4057 1295 4130; x_wconf 90' lang='lat' dir='ltr'><strong>voces,</strong></span> 
     </span>
    </p>
   </div>
   <div class='ocr_carea' id='block_1_16' title="bbox 416 4159 1273 4377">
    <p class='ocr_par' dir='ltr' id='par_1_20' title="bbox 416 4159 1273 4377">
     <span class='ocr_line' id='line_1_35' title="bbox 416 4159 1211 4246; baseline -0.011 -8"><span class='ocrx_word' id='word_1_182' title='bbox 416 4166 558 4241; x_wconf 87' lang='lat' dir='ltr'><strong>Divisas</strong></span> <span class='ocrx_word' id='word_1_183' title='bbox 585 4167 709 4237; x_wconf 90' lang='lat' dir='ltr'><strong>iterum</strong></span> <span class='ocrx_word' id='word_1_184' title='bbox 736 4159 842 4236; x_wconf 89' lang='lat' dir='ltr'><strong>sedes</strong></span> <span class='ocrx_word' id='word_1_185' title='bbox 868 4167 905 4230; x_wconf 85' lang='lat' dir='ltr'><strong>et</strong></span> <span class='ocrx_word' id='word_1_186' title='bbox 929 4178 1010 4229; x_wconf 90' lang='lat' dir='ltr'><strong>rura</strong></span> <span class='ocrx_word' id='word_1_187' title='bbox 1036 4175 1211 4246; x_wconf 86' lang='lat' dir='ltr'><strong>canamus,</strong></span> 
     </span>
     <span class='ocr_line' id='line_1_36' title="bbox 417 4273 1273 4377; baseline -0.013 -23"><span class='ocrx_word' id='word_1_188' title='bbox 417 4281 522 4374; x_wconf 88' lang='lat' dir='ltr'><strong>Rura,</strong></span> <span class='ocrx_word' id='word_1_189' title='bbox 550 4277 673 4377; x_wconf 87' lang='lat' dir='ltr'><strong>quibus</strong></span> <span class='ocrx_word' id='word_1_190' title='bbox 695 4275 798 4351; x_wconf 89' lang='lat' dir='ltr'><strong>Diras</strong></span> <span class='ocrx_word' id='word_1_191' title='bbox 825 4274 1025 4368; x_wconf 83' lang='lat' dir='ltr'><strong>indiximus,</strong></span> <span class='ocrx_word' id='word_1_192' title='bbox 1050 4273 1155 4370; x_wconf 92' lang='lat' dir='ltr'><strong>impia</strong></span> <span class='ocrx_word' id='word_1_193' title='bbox 1179 4279 1273 4367; x_wconf 88' lang='lat' dir='ltr'><strong>vota,</strong></span> 
     </span>
    </p>
   </div>
   <div class='ocr_carea' id='block_1_17' title="bbox 0 0 1746 4967">
    <p class='ocr_par' dir='ltr' id='par_1_21' title="bbox 0 0 1746 4967">
     <span class='ocr_line' id='line_1_37' title="bbox 0 0 1746 4967; baseline 0 3"><span class='ocrx_word' id='word_1_194' title='bbox 0 0 1746 4967; x_wconf 95' lang='lat' dir='ltr'><strong> </strong></span> 
     </span>
    </p>
   </div>
  </div>
 </body>
</html>
