3484 4967
852 509 893 579 15

275 679 425 744 Eundem
447 700 610 745 numerum
625 685 784 746 senarium
807 703 845 746 ex
867 704 939 746 mea
962 685 1162 768 stropharum
1183 686 1389 771 dispositione
1412 693 1458 752 hr-

276 784 425 844 venimus
446 783 530 845 inter
551 802 676 846 versum
699 781 718 846 l
742 792 776 846 et
796 803 923 846 versum
943 781 994 849 47.
1024 784 1086 848 Sex
1109 788 1192 850 enim
1214 777 1456 872 strophnesunt.

277 886 309 948 A
324 905 351 950 v.
367 883 409 949 86
430 890 526 966 poeta
547 902 622 968 egro
646 890 680 947 et
701 883 820 965 Lydiae
842 882 1014 949 valedicit
1036 885 1126 947 liaeo
1147 905 1221 968 pars
1242 891 1339 952 hahet
1360 894 1457 955 inter-

278 983 421 1048 calarem
444 1003 514 1046 eum
535 1002 672 1060 versum,
694 986 747 1064 qrri
769 1005 797 1050 v.
820 982 860 1046 97
883 983 1020 1069 iegitsrt

383 1088 581 1160 Extremum
608 1103 747 1159 carmen
771 1103 991 1179 revocemus,
1017 1079 1167 1182 Battare,
1194 1113 1315 1163 avena.

366 1202 415 1265 Ad
438 1204 583 1284 strophas
610 1200 848 1266 constituendas
871 1199 983 1266 versus
1014 1200 1076 1264 102
1098 1211 1130 1264 et
1154 1202 1215 1267 103
1237 1203 1370 1284 incinunt,
1400 1209 1455 1286 qui

278 1310 355 1386 post
376 1324 404 1367 v.
426 1301 469 1366 90
489 1303 716 1385 transponendi
740 1311 822 1382 sunt,
844 1311 909 1365 tum
933 1306 1030 1366 etiam
1052 1324 1080 1367 v.
1103 1299 1162 1367 96:

408 1405 485 1468 Sive
508 1407 572 1465 eris
595 1410 628 1466 et
649 1405 676 1466 si
697 1424 772 1481 non,
793 1422 915 1465 mecum
937 1405 1094 1479 morieris,
1116 1410 1290 1484 utrumque.

281 1504 435 1567 Videmus
451 1505 549 1585 priori
564 1501 634 1564 ioco
650 1503 809 1566 cataiexin
823 1503 955 1565 duorum
970 1523 1129 1580 versuum,
1149 1505 1252 1566 altero
1269 1508 1359 1567 onius
1375 1525 1456 1585 esse¹

282 1608 390 1685 Quare
418 1611 496 1665 ante
524 1621 551 1667 v.
581 1601 623 1666 96
652 1619 747 1666 unum
775 1603 930 1666 excidisse
959 1604 1027 1666 veri
1058 1610 1108 1665 est
1136 1603 1336 1672 simillimum.
1386 1609 1457 1689 ipse

280 1724 395 1770 versus
416 1702 642 1796 96·msrintam
665 1706 877 1785 suspicionem
897 1712 1011 1768 movet.
1039 1703 1225 1786 „Singulari
1248 1709 1331 1767 enim
1353 1709 1459 1770 brevi·

282 1814 349 1870 tate
370 1813 467 1888 poeta
480 1807 586 1869 utitur.
615 1797 718 1866 Plena
733 1807 893 1867 sententia
912 1811 978 1866 est:
1001 1805 1077 1867 Sive
1094 1807 1168 1882 eris,
1190 1824 1339 1867 mecum
1362 1808 1457 1885 eris,

281 1908 362 1970 licet
375 1908 507 1986 amens,
529 1907 598 1967 sive
619 1920 680 1964 non
703 1906 779 1982 oris,
799 1905 830 1968 h.
847 1921 874 1968 e.
890 1907 959 1965 sive
981 1911 1103 1965 mortua
1118 1907 1193 1984 eris,
1215 1921 1362 1967 mecum
1384 1925 1458 1968 mo·

281 2008 418 2082 nlntio,
447 2008 467 2068 i.
490 2023 517 2068 e.
539 2006 690 2092 noueris
711 2009 833 2066 mortua
856 2011 1025 2084 antequam
1048 2023 1107 2089 ego
1125 2005 1270 2067 moriar.“
1292 2005 1456 2070 Facillime

284 2117 335 2172 est
355 2107 396 2170 ad
417 2102 671 2189 intelligendum,
693 2122 785 2183 quam
808 2112 890 2166 torta
910 2104 991 2166 haec
1012 2106 1053 2166 sit
1074 2107 1305 2188 interpretatio.
1332 2103 1383 2170 rid
1404 2126 1457 2170 er·

282 2207 463 2294 plicandem
498 2207 690 2268 sententiam
717 2225 767 2269 vr.
791 2201 854 2268 102
875 2212 909 2267 et
931 2203 994 2268 103
1015 2202 1153 2266 Nnelrius
1175 2206 1221 2267 uti
1249 2224 1311 2268 non
1340 2215 1457 2289 potest,

283 2329 379 2392 quum
401 2315 474 2388 post
493 2323 522 2368 v.
537 2302 580 2366 90
599 2301 775 2365 collocandi
790 2305 863 2370 sint.
895 2303 929 2367 Si
945 2309 1051 2367 autem
1074 2322 1200 2366 versum
1223 2305 1378 2370 excidisse
1393 2315 1457 2370 sta·

283 2410 411 2484 tuimus,
433 2405 608 2467 obscuritas
631 2405 865 2466 exornationem
885 2403 992 2470 habet.
1021 2405 1110 2467 Duae
1126 2406 1222 2490 igitur
1236 2405 1455 2472 valedictionis

283 2509 436 2591 strophae
458 2512 540 2582 sunt,
563 2522 694 2584 querum
716 2503 915 2566 intercalaris
935 2527 963 2570 ιι,
985 2501 1027 2569 97
1049 2512 1107 2571 est.
1146 2502 1237 2569 Hunc
1266 2528 1392 2572 versum
1414 2510 1455 2573 ad

258 2614 383 2672 ¹totam
405 2612 527 2690 partem
551 2625 570 2667 a
592 2626 619 2668 v.
641 2598 786 2668 86-101
809 2604 1012 2668 referendum
1035 2625 1118 2679 esse,
1139 2626 1178 2669 ex
1200 2607 1456 2696 cointelligitur,

163 2771 164 2779 ,
257 2710 367 2790 .quod
390 2713 608 2771 extremum
630 2724 791 2767 carmen
814 2703 961 2767 versibus
981 2700 1127 2771 82-101
1151 2705 1297 2775 efficitur.
1319 2711 1456 2774 Schema

282 2809 379 2895 igitur
400 2817 562 2872 extremae
585 2807 732 2870 carminis
751 2807 851 2888 partis
873 2805 934 2868 hos
955 2808 1034 2869 erit:
1061 2825 1110 2874 vv.
1132 2803 1259 2874 82-85
1281 2839 1319 2866 =
1341 2810 1364 2874 4
1383 2833 1434 2877 rr.

382 2914 581 2986 Extremum
607 2931 747 2984 carmen
772 2929 993 3003 revocemus,
1018 2910 1169 3005 Baliare,
1196 2933 1321 3006 evena,

538 3045 589 3090 vv.
610 3020 738 3089 ssaoo
758 3023 798 3110 ÷
822 3021 892 3090 102.
916 3021 978 3089 103
1001 3053 1039 3081 =
1063 3025 1082 3090 ι
1104 3045 1154 3092 vv.

384 3129 584 3201 Extremum
610 3148 750 3202 carmen
775 3151 997 3223 revocemus,
1022 3128 1174 3224 Battare,
1201 3152 1326 3228 avena,

537 3265 587 3311 vv.
610 3238 737 3307 91-95
759 3243 798 3328 †
821 3239 932 3330 (1)-1·
955 3239 1005 3310 96.
1030 3272 1068 3300 =
1094 3241 1186 3311 lvv.

366 3347 547 3410 Extremum
569 3363 694 3407 carmen
716 3363 915 3424 revocemus,
936 3343 1076 3425 Battare,
1097 3364 1207 3410 evena.

538 3462 587 3510 vr.
609 3438 756 3508 98-101
781 3471 819 3498 =
842 3443 864 3505 4
885 3462 936 3510 vv.

367 3544 507 3607 Necesse
521 3560 584 3604 non
598 3552 659 3622 est,
681 3549 717 3604 ut
730 3543 823 3626 plura
837 3542 878 3604 de
893 3546 1054 3627 strophica
1070 3545 1214 3608 hirarnm
1230 3545 1455 3627 compositione

284 3643 442 3724 adiiciam,
465 3657 560 3724 quum
585 3645 651 3704 tots
672 3657 745 3703 mea
771 3640 888 3704 divisio
909 3646 1021 3705 natura
1043 3650 1140 3726 atque
1167 3647 1365 3729 proprietate
1387 3658 1457 3707 car·

283 3747 376 3809 ruinis
397 3746 524 3807 nitatur.
