3484 4967
824 526 867 590 22

386 696 522 773 dicerer,
543 703 640 773 atquc
663 711 701 754 ax
724 713 773 756 mc
796 693 897 756 dulcia
919 695 1004 755 foret
1026 699 1095 754 orta
1116 690 1269 774 uoluptas.
1396 692 1440 755 60

384 896 462 958 Nam
485 895 561 956 milti
583 911 645 954 non
668 902 787 956 tantum
812 897 990 957 tribuerunt
1011 895 1108 975 impia
1131 899 1214 968 vota,

385 1002 495 1058 auctor
517 1003 551 1056 ut
572 993 687 1056 occulti
708 1001 816 1057 noster
837 996 923 1057 iuret
944 1013 1033 1056 error
1054 996 1181 1057 amoris.

383 1097 526 1177 iuppiter
548 1103 623 1156 autc
645 1098 695 1158 aui
717 1115 844 1178 acmpcr
864 1095 1028 1158 mendacia
1049 1097 1128 1156 tutti

387 1215 456 1256 cum
478 1196 607 1272 lunone,
627 1199 716 1277 priua
739 1215 832 1277 quam
854 1196 988 1257 coniunx
1009 1195 1113 1256 dicum
1136 1201 1270 1274 uterquc
1292 1201 1350 1270 ast,

386 1294 503 1378 gaudia
523 1294 636 1358 libavit
658 1295 783 1358 dulcem
805 1297 930 1358 furatus
952 1309 1090 1357 amorem
1394 1293 1440 1359 65

383 1714 560 1777 purpureos
581 1699 689 1772 tiaras,
711 1715 788 1776 quoa
811 1699 942 1778 iusuper
963 1697 1169 1758 accumbebat

384 1794 514 1879 grandia
536 1798 673 1858 formoso
697 1817 878 1879 supponens
902 1798 1031 1859 brachia
1051 1793 1143 1857 colio.

384 1896 465 1958 Tum
487 1896 581 1959 credo
602 1898 711 1960 fuerat
731 1899 860 1960 Mavors
882 1896 1039 1959 distentus
1059 1897 1093 1956 in
1115 1897 1227 1957 armis:

383 2016 452 2058 nam
474 2003 561 2058 carte
584 1997 744 2060 Vulcanus
766 2017 845 2079 opus
866 1997 1008 2060 faciebat
1021 2004 1057 2057 at
1075 1993 1125 2057 ilii
1396 1995 1440 2060 70

278 2101 280 2104 ’
386 2097 469 2158 tristi
491 2099 638 2178 turpabat
658 2096 757 2160 malas
778 2095 913 2183 fuligine
935 2098 1042 2159 baria.

384 2196 454 2257 Non
476 2215 591 2258 aurora
612 2217 711 2260 novo·
734 2199 829 2264 etiam
851 2196 992 2279 ploravit
1013 2214 1138 2258 amores

384 2303 481 2377 atqua
503 2299 620 2359 rubens
642 2297 749 2361 cculca
771 2315 864 2360 rocco
886 2295 1005 2360 celavit
1026 2297 1163 2359 amictui

384 2396 477 2486 Talia
498 2396 682 2463 coelicolae.
725 2396 884 2477 Numquid
904 2400 1008 2460 minua
1028 2415 1128 2459 aurca
1149 2399 1280 2478 promo?

383 2496 468 2580 Erga
490 2495 573 2577 quud
595 2496 675 2560 deus
697 2504 794 2578 atque
814 2498 912 2560 heroa
933 2515 991 2561 cur
1009 2513 1074 2561 nou
1094 2499 1196 2560 minor
1215 2500 1329 2561 aetati
1396 2497 1440 2563 75
1573 2494 1574 2497 '

383 2594 498 2657 infelix
519 2615 589 2680 aga,
612 2617 673 2658 non
695 2597 752 2658 illo
773 2599 829 2678 qui
849 2606 994 2680 tcmpcrc
1016 2605 1119 2675 natus,

384 2714 445 2776 quo
467 2694 571 2757 iacilia
593 2705 706 2759 natura
727 2699 796 2762 tuit.
838 2697 915 2760 Sora
936 2717 956 2758 c
976 2716 1049 2760 mcc
1069 2695 1164 2761 laeva

382 2794 545 2873 nascendi,
567 2799 781 2879 miserumque
803 2815 916 2882 genua,
936 2799 1011 2879 quoi
1025 2817 1100 2860 acra
1119 2797 1227 2862 iibido.

383 2897 519 2961 Tantam
541 2901 627 2962 vitae
647 2902 680 2962 iu
701 2919 753 2962 me
775 2897 879 2962 cordia
899 2899 1008 2962 icccrc
1029 2901 1183 2982 rapinam,

384 3003 420 3058 ut
440 3017 582 3062 mancam
605 3000 688 3081 quod
711 3002 762 3063 vix
784 2999 884 3062 oculis
905 3018 1096 3084 cognoscere
1117 3000 1230 3082 pactis.
