3484 4967
819 489 860 554 13

174 721 176 744 ἱ
248 660 349 720 fuisse
364 659 545 740 repetitum.
578 656 611 718 ln
626 656 687 718 bac
704 659 799 720 etiam
822 665 914 740 parte
936 653 1117 739 καταλήξεις
1131 655 1205 720 illas
1224 657 1422 739 stropharum

247 761 437 836 invenimus,
460 756 501 818 de
523 758 634 836 quibus
656 776 753 838 supra
775 757 917 818 diximus.
939 757 1019 818 Sunt
1041 767 1146 819 nartem
1170 779 1280 821 versus
1302 758 1344 828 52
1364 758 1423 820 53:

352 877 425 954 Qua
442 860 621 932 Vulcanus
640 855 744 951 agros
763 868 882 954 pastus
899 859 999 932 lovis
1017 859 1155 952 ignibus
1173 871 1283 952 arctet„

350 975 502 1050 Barbara
520 977 653 1049 dicatur
668 976 818 1073 Libycae
836 998 950 1069 soror,
968 975 1077 1048 altera
1093 975 1229 1071 Syrtis,

504 1111 554 1154 vv.
576 1089 615 1154 61
639 1089 698 1154 62:

351 1195 519 1267 Dicentur
535 1214 612 1266 mea
629 1215 709 1265 rura
728 1192 837 1264 ferum
856 1215 968 1268 marc:
986 1192 1096 1264 Nauta
1114 1201 1239 1264 caveto

350 1311 455 1403 Rura,
474 1310 597 1408 quibus
617 1309 709 1384 diras
727 1309 927 1404 indiximus,
945 1310 1050 1403 impia
1067 1316 1169 1395 vota3

504 1446 532 1488 v.
555 1423 614 1488 70:

350 1523 422 1598 Nec
448 1535 585 1601 nostros
613 1529 712 1598 exire
738 1528 852 1599 sinant
877 1525 1054 1600 erroribus
1081 1550 1206 1621 agros;

505 1661 554 1703 vv.
577 1638 619 1702 80
639 1638 698 1703 81:

349 1741 512 1817 Pisceiur
537 1747 665 1819 nostris
692 1747 727 1815 in
753 1742 877 1816 finibus
904 1742 1041 1814 advena
1067 1753 1194 1835 arator,

348 1861 509 1954 Adveua,
536 1862 632 1935 civili
660 1865 718 1956 qui
744 1882 884 1955 semper
909 1861 1053 1931 crimine
1080 1864 1202 1932 crevit.
1244 1908 1247 1912 -

247 1974 353 2036 Etiam
368 1975 401 2036 in
416 1975 466 2035 his
475 1977 618 2039 veribus
634 1972 893 2055 aequabilitatem
909 1972 1197 2052 animadvertimus,
1205 1996 1297 2055 quum
1315 1981 1428 2059 prima,

248 2073 389 2136 secunda
420 2081 453 2134 et
482 2082 596 2154 quarta
623 2074 774 2136 catalexis
802 2075 885 2134 binis
906 2078 1030 2134 constet
1059 2076 1214 2150 versibus,
1242 2078 1310 2140 sola
1331 2084 1427 2142 tertia

248 2195 320 2240 uno.
364 2178 470 2254 Quare
492 2182 566 2237 autc
592 2195 622 2248 ιι.
646 2173 687 2236 70
715 2173 859 2235 lacunam
891 2191 964 2234 esse
989 2175 1148 2253 suspicor;
1179 2183 1256 2254 quot
1278 2196 1425 2241 versuum

248 2278 334 2338 inira
357 2276 542 2338 videbimus.
927 2337 932 2346 ,

335 2375 499 2455 Proprium
527 2373 666 2452 denique
694 2383 744 2435 est
771 2375 865 2435 buius
888 2376 998 2454 pertis,
1029 2373 1110 2452 quod
1140 2374 1262 2436 duabus
1285 2395 1425 2441 exsecra-

255 2475 397 2534 tionibus
425 2480 490 2535 trcs
519 2490 631 2534 versus
659 2473 862 2548 antecedunt,
896 2473 950 2551 qul
980 2471 1180 2534 devotionem
1208 2495 1270 2538 non
1297 2477 1425 2543 babent.

250 2574 333 2635 Sunt
353 2579 460 2634 autem
488 2594 538 2638 vv.
559 2569 696 2648 55-57,
724 2593 773 2637 vv.
795 2569 931 2652 63—65.
974 2573 1042 2635 Soli
1070 2592 1180 2635 versus
1210 2572 1336 2638 72-74
1362 2597 1425 2639 nou

250 2673 371 2734 babent
400 2673 554 2736 eiusmodi
581 2675 786 2756 prooemium.
835 2672 919 2733 lloc·
935 2682 1041 2736 cirtem
1075 2674 1229 2736 excidisse
1262 2678 1332 2738 siue
1362 2677 1427 2738 ulla

166 2813 170 2820 ν
250 2772 448 2835 dubitatione
471 2774 696 2837 contenderim.

166 2941 169 2962 ,
334 2871 400 2932 Sed
421 2892 503 2951 quae
526 2876 678 2956 strophae
705 2874 788 2934 hanc
816 2876 963 2936 carminis
991 2883 1113 2955 partem
1136 2876 1341 2954 constituant,
1371 2875 1427 2938 de·

166 2965 170 2977 ¹
250 2973 486 3036 monstrandum
513 2981 572 3037 est.
616 2976 661 3046 Ac
688 2993 743 3034 sex
770 2973 898 3052 quidem
928 2993 977 3036 vv.
998 2971 1126 3036 48-53
1153 2975 1311 3054 stropham
1342 2993 1426 3056 esse,

250 3092 347 3154 supra
368 3073 512 3136 vidimus.
554 3070 735 3151 Sequuntur
756 3081 829 3153 post
853 3072 1074 3136 intercalarem
1097 3095 1126 3137 v.
1147 3070 1191 3138 54
1211 3081 1282 3134 octo
1304 3094 1428 3152 remus,

250 3175 306 3254 qui
326 3176 522 3257 prooemium
544 3173 638 3233 trium
661 3179 695 3233 et
716 3175 969 3236 exsecrationem
992 3176 1131 3255 quinque
1158 3185 1307 3237 versuum
1328 3178 1428 3238 conti-

248 3279 336 3337 nent.
378 3271 539 3337 Gatalexis
561 3272 700 3335 efficitur
721 3275 865 3335 versibus
887 3271 995 3339 6162.
1029 3277 1092 3354 Qui
1113 3274 1229 3337 deinde
1251 3283 1429 3356 sequuntur

249 3381 320 3436 octo
343 3393 465 3451 versus,
485 3361 623 3450 63—70,
644 3375 722 3436 item
742 3376 904 3455 prooemio
926 3377 1020 3437 trium
1042 3382 1077 3437 et
1098 3377 1317 3438 exsecratione
1338 3379 1428 3457 quln-

249 3492 313 3554 que
341 3493 490 3536 vemuum
511 3479 664 3537 constant.
707 3473 772 3534 Sed
800 3493 897 3554 quum
919 3477 1080 3538 sententia
1105 3494 1217 3538 versus
1238 3474 1280 3539 66
1309 3497 1329 3538 ιι
1355 3476 1428 3539 loco

250 3573 357 3637 aliena
379 3577 432 3650 sit,
453 3594 515 3636 non
538 3581 588 3636 est
609 3571 823 3651 dubitandum,
846 3575 922 3653 quin
936 3574 1074 3636 aliunde
1089 3579 1209 3638 accitus
1230 3578 1280 3640 sit.
1323 3574 1426 3659 ipsam

251 3677 335 3737 enim
357 3673 561 3738 devotionem
582 3691 644 3736 av.
660 3669 700 3734 67
722 3672 865 3751 incipere
879 3673 949 3733 veri
969 3674 1161 3737 simillimum
1184 3685 1243 3742 est.
1286 3679 1330 3739 Ut
1350 3697 1426 3741 vero

249 3777 333 3837 ratio
356 3782 489 3852 constet,
510 3779 585 3834 ante
608 3791 636 3836 v.
656 3769 698 3834 70
718 3789 814 3832 unum
835 3789 963 3834 versum
984 3774 1139 3837 excidisse
1160 3783 1245 3858 puto.
1285 3778 1335 3839 lta
1356 3779 1428 3840 effl-

250 3877 342 3952 citur,
370 3883 405 3937 ut
432 3882 466 3937 et
494 3874 673 3936 exsecratio
705 3874 842 3953 quinque
875 3874 1020 3935 versibus
1047 3883 1180 3953 constet,
1213 3883 1248 3938 et
1274 3875 1426 3940 catalcxis

250 3974 382 4038 duorum
407 3977 463 4039 ilat
491 3993 648 4039 vemuum.
698 3971 832 4034 Versum
861 3978 970 4034 antem
998 3971 1041 4037 66
1069 3976 1137 4036 eius
1170 3977 1321 4059 strophae
1355 3980 1426 4041 sive

248 4077 414 4158 prooemii,
442 4075 527 4157 quod
549 4091 647 4157 supra
667 4072 823 4134 excidisse
847 4090 875 4134 a.
898 4068 940 4134 72
960 4075 1140 4152 statuimus,
1167 4073 1324 4158 reliquum
1352 4097 1426 4141 esse

247 4193 311 4238 nou
333 4173 451 4242 dubito.
493 4176 529 4238 ln
557 4172 712 4237 eiusmodi
739 4173 905 4254 prooemio,
930 4191 1044 4237 seusus
1071 4176 1141 4236 eius
1163 4182 1214 4238 est
1234 4179 1427 4271 aptissimus,

247 4294 312 4338 nou
334 4294 373 4338 eo
394 4273 477 4354 loco,
504 4276 558 4336 ubi
585 4294 669 4336 nnuc
695 4271 814 4358 legitur
835 4279 913 4336 aute
940 4292 969 4337 v.
991 4272 1041 4340 67.
1083 4275 1192 4338 Facile
1221 4285 1327 4340 autem
1354 4279 1426 4340 ileri

248 4377 363 4460 potuit,
376 4382 412 4440 ut
426 4372 509 4438 oculi
521 4374 645 4438 librarii
660 4375 700 4436 ab
714 4393 775 4436 uuo
787 4371 969 4438 intercalari
980 4374 1022 4436 ed
1033 4382 1219 4456 sequentem
1229 4380 1425 4442 aberrarent.
