3484 4967
889 499 1003 564 32.

813 589 1014 598 Μ

404 666 440 733 V.
464 664 505 730 75
526 668 558 728 in
580 665 701 745 Petet„
723 667 857 750 Thana,
886 669 983 732 Paris.
1005 666 1040 744 ΙΙ,
1061 665 1109 746 ili,
1132 665 1184 745 iv,
1212 668 1343 754 Angiic.‚
1372 668 1498 735 Monac.

320 769 342 845 Ι,
354 767 388 845 ΙΙ,
409 769 527 854 legitur
548 768 661 844 dicit,
684 767 766 847 qnod
783 767 910 830 facilia·
924 789 961 830 ex
984 768 1095 843 dixit,
1118 787 1211 848 qnam
1229 788 1267 832 ex
1287 770 1399 834 dieat
1420 775 1497 833 oriri

319 871 430 949 potuit.
474 870 580 947 erare
603 868 707 928 dixit
729 871 850 949 scripsi.
1372 882 1376 887 ”

404 969 440 1032 V.
453 964 503 1031 94.
525 967 665 1030 Naekius
689 970 814 1049 scripsit
836 971 949 1030 ensis
972 971 1009 1030 in
1032 967 1142 1044 illie,
1164 987 1245 1048 quae
1269 954 1374 1030 tannen
1398 969 1494 1032 lectio

319 1069 520 1130 acodieibns
547 1088 640 1131 manu
671 1072 797 1152 scriptis
825 1072 927 1130 minus
955 1071 1116 1151 probatur.
1158 1067 1279 1149 Recepi
1308 1071 1494 1150 scripturam
1571 1070 1572 1075 ’

319 1171 468 1231 librorum
500 1189 591 1232 esee
622 1172 711 1231 sine
740 1170 848 1247 illis,
878 1188 941 1247 qua
964 1171 1129 1249 aptissima
1150 1167 1220 1229 ioco
1244 1171 1403 1230 sententia
1425 1171 1494 1231 eiii-
1541 1253 1544 1267 Ι

319 1273 407 1335 citur.

319 1449 320 1453 Ἰ
404 1370 439 1432 V.
455 1343 505 1432 ΙΙΙ.
527 1369 927 1430 Extremnmcarmen
944 1387 1005 1428 non
1022 1368 1187 1448 estquod
1210 1370 1492 1433 extremoloeo

285 1523 288 1530 .
318 1473 398 1533 dixi
427 1467 702 1553 (Wernsdorfine),
731 1477 787 1531 arrt
816 1488 938 1544 versus,
967 1471 1020 1548 qui
1042 1471 1183 1549 proxime
1206 1469 1369 1549 praecedit
1396 1468 1494 1553 (Nae-

317 1567 412 1654 inus),
435 1569 491 1628 sed
514 1576 579 1630 tota
601 1589 674 1650 pars
696 1573 842 1660 carminis
865 1589 883 1631 a
906 1591 934 1633 v.
956 1568 996 1632 81
1020 1570 1062 1631 ad
1085 1591 1112 1633 v.
1136 1567 1207 1632 101.

404 1671 438 1732 V,
459 1668 509 1732 98.
538 1670 655 1730 Fiant
686 1669 806 1744 Petita,
833 1668 948 1733 Medic.
979 1669 1065 1750 apud
1100 1670 1321 1746 Burmannum,
1356 1669 1490 1749 Thnan.,

316 1775 405 1834 Paris
428 1773 465 1846 ΙΙ,
488 1772 539 1848 ΙΙΙ,
567 1772 620 1848 lV,
649 1769 777 1854 anglie,
807 1770 950 1853 August,
976 1770 1099 1832 Monac.
1123 1771 1145 1845 Ι,
1167 1771 1205 1847 ΙΙ,
1236 1766 1360 1831 Vratisl.
1384 1771 1407 1846 Ι,
1429 1770 1493 1831 Te-

317 1894 431 1959 gerns.‚
444 1871 638 1951 Weyhenst.,
655 1888 753 1949 quare
767 1870 849 1930 hane
873 1867 1040 1930 lectionem
1056 1870 1256 1932 retinendam
1273 1888 1345 1930 esre
1367 1888 1492 1951 censeo·

316 1978 436 2037 Fient
458 1975 489 2032 in
514 1971 599 2032 nulio
622 1971 702 2032 libro
725 1977 850 2052 scrtpto.

402 2073 436 2137 V.
459 2069 508 2134 99.
533 2069 712 2132 Cernant
734 2069 829 2130 iidem
853 2068 925 2130 libri
948 2071 1080 2148 antiqui.

383 2712 471 2765 Quum
495 2704 540 2758 hie
563 2703 672 2756 iibeiius
692 2703 830 2767 Gymneeii
856 2703 1046 2770 programmati
1071 2701 1215 2756 addendus
1240 2711 1327 2768 aeret,
1350 2704 1412 2757 fieri
1438 2722 1492 2758 non
1571 2752 1572 2775 2

315 2793 411 2860 potuit,
430 2797 460 2842 ut
478 2786 693 2842 Commentarius
711 2786 738 2838 in
757 2787 889 2854 Eciogam
913 2786 984 2853 typis
1008 2786 1213 2853 exprimeretur.
1248 2790 1341 2843 Quare
1367 2787 1396 2840 in
1418 2788 1493 2840 aliud
1571 2790 1573 2857 ἦ

314 2887 420 2942 tempus
438 2869 614 2941 reponendus
634 2876 698 2927 erat.

1571 3092 1573 3167 i

710 3688 1088 3781 Corrigenda.

381 3823 444 3888 Peg.
464 3819 478 3872 7
497 3837 566 3873 vers.
585 3819 618 3872 13
636 3821 670 3873 ab
688 3821 734 3872 ini.
754 3836 836 3886 marg.
857 3835 907 3886 pro
927 3835 1064 3872 carmen
1083 3820 1146 3886 lege
1164 3833 1315 3886 germen.

301 3965 302 3968 Ἰ
404 3903 478 3968 „11
521 3942 538 3968 ,,
582 3903 662 3969 10„
697 3942 715 3968 ,,
787 3941 804 3968 ,,
874 3942 892 3968 ,,
928 3900 1412 3970 dupplicemiegedupiieem.
