3484 4967
833 531 876 596 25

168 729 171 736 ¹
264 724 371 767 rerum
395 705 675 785 perturbationem,
704 703 735 761 in
766 721 828 781 qua
858 708 947 762 certe
970 699 1136 761 diversitas
1159 710 1255 781 atque
1278 701 1443 765 multitudo

265 803 496 866 discordiarum
525 805 674 866 cernitur.
726 802 874 863 Ceterum
909 810 941 862 et
970 799 1052 881 apud
1082 801 1223 863 Graecos
1256 803 1444 867 adiectirurn

265 906 371 976 πολύς
401 911 433 965 et
463 903 547 986 apud
576 903 705 964 Latinos
736 903 796 966 adi.
826 900 942 963 multus
973 919 1160 980 quamquam
1195 907 1296 965 rarius
1325 907 1385 966 hac
1413 907 1445 966 ri

252 997 434 1066 inuenitur.
478 1005 639 1084 Scriptura
662 1010 766 1064 autem
795 1001 999 1083 plurimorum
1030 1009 1063 1061 et
1090 1004 1276 1082 optimorum
1305 1004 1444 1066 codicum

267 1107 380 1166 fient
402 1103 476 1165 inde
498 1115 567 1166 orta
590 1122 663 1164 esse
686 1103 820 1178 videtur,
850 1102 933 1183 quod
961 1101 1081 1163 librarii
1110 1101 1272 1185 prolepsin
1294 1123 1355 1164 non
1379 1106 1446 1163 ani-

268 1205 520 1268 madvertebant.
552 1204 631 1265 Tum
653 1204 669 1263 i
675 1208 782 1266 uerit
803 1213 956 1265 mutatum
973 1206 1069 1264 estin
1091 1203 1204 1280 tiens,
1228 1202 1364 1282 denique
1383 1203 1445 1267 v.8

269 1305 399 1368 dicam
423 1307 455 1365 in
477 1304 570 1368 dicat.
1369 1371 1377 1388 ο

355 1403 390 1467 V.
412 1401 441 1466 8.
484 1405 543 1465 Hic
566 1425 678 1467 versus
708 1405 882 1465 editoribus
905 1404 1043 1467 difficilis
1067 1407 1151 1466 visus
1174 1412 1231 1468 est.
1276 1407 1446 1484 Quaeritur

270 1499 367 1581 enim,
387 1514 490 1565 utrum
512 1506 622 1567 facta
643 1504 812 1589 legendum
836 1505 934 1564 sitan
956 1507 1052 1568 fata.
1082 1506 1203 1566 Facta
1224 1505 1343 1588 legitur
1364 1506 1445 1587 apud

269 1604 423 1667 Naekium
446 1606 477 1664 in
501 1603 601 1669 Paris.
622 1604 656 1680 ll,
680 1608 710 1665 in
735 1605 925 1667 editionibus
946 1608 1086 1667 Romana
1110 1605 1144 1679 ll,
1173 1607 1357 1679 Mutinensi,
1387 1607 1447 1666 Ve-

269 1707 354 1764 netis
376 1705 455 1767 Rois.
485 1711 518 1764 et
540 1708 661 1770 ienson.
685 1712 719 1766 et
740 1706 879 1783 Aldinis3
913 1708 999 1768 iata
1023 1716 1127 1767 autem
1149 1709 1183 1765 in
1206 1705 1301 1786 Med,
1330 1706 1448 1769 Peiora

270 1805 406 1879 'l'huau.,
427 1805 576 1867 Leidensi
592 1809 768 1886 Burmann,
791 1808 889 1870 Paris.
903 1807 952 1883 lv,
976 1811 1116 1891 August,
1137 1805 1258 1868 Monac.
1274 1803 1297 1884 i,
1311 1805 1347 1879 ii,
1370 1805 1448 1866 Vra-

273 1904 337 1968 tisi.
359 1905 382 1984 l,
405 1906 557 1988 Tegerns.
579 1914 613 1969 et
634 1905 884 1989 Weyhenstepir.
907 1907 1037 1969 Plurimi
1065 1909 1161 1989 igitur
1189 1913 1223 1966 et
1244 1908 1353 1986 optimi
1374 1904 1447 1966 liirri

271 2007 360 2067 iata
379 2007 507 2071 habent.
542 2005 632 2083 Quod
655 2026 714 2090 ego
738 2027 863 2088 quoque
886 2008 1035 2069 tuendum
1053 2026 1126 2068 esse
1142 2026 1271 2070 censeo.
1306 2006 1448 2068 Naekius

273 2116 373 2168 totum
395 2107 455 2167 hoc
485 2106 524 2167 de
547 2106 688 2191 Lycurgo
718 2127 780 2168 nou
810 2108 950 2170 feliciter
972 2129 990 2170 a
1013 2109 1133 2171 Catone
1154 2110 1316 2168 inventum
1340 2115 1449 2189 putat3

272 2207 448 2290 Lycurgum
479 2209 557 2267 enim
582 2207 670 2268 ilium
698 2209 855 2269 Thracem
885 2228 946 2269 uon
975 2216 1039 2268 tam
1071 2210 1103 2268 in
1139 2215 1261 2268 montes
1290 2215 1322 2268 et
1350 2207 1448 2268 siluas

273 2318 450 2394 grassatum
480 2326 563 2383 esse,
592 2327 684 2387 quam
714 2311 746 2368 in
778 2311 868 2372 vites.
920 2309 984 2368 Sed
1015 2310 1117 2368 virum
1145 2307 1356 2367 doctissimum
1386 2327 1448 2368 non

273 2413 320 2470 ita
342 2409 549 2469 iudicaturum
571 2407 671 2468 iuuisse
695 2416 781 2489 puto,
803 2411 830 2468 si
847 2427 904 2488 pro
926 2409 1037 2470 facta
1060 2409 1246 2488 scripturam
1263 2410 1448 2488 optimorum

274 2509 416 2570 codicum
438 2508 525 2568 iata
546 2509 732 2589 recepisset,
762 2528 823 2588 qua
845 2508 914 2569 soia
937 2511 1038 2571 omnis
1053 2508 1114 2569 ioci
1130 2507 1301 2570 difficultas
1317 2507 1450 2571 totlitur.

274 2611 416 2690 Namque
446 2610 527 2670 haec
555 2611 729 2673 sententia:
769 2611 972 2671 montibus
1008 2616 1048 2672 et
1076 2607 1196 2681 sitris
1226 2609 1351 2670 dicam
1381 2618 1449 2669 tua

275 2711 387 2773 facta
409 2729 427 2771 a
450 2710 589 2770 carmine
612 2716 662 2772 est
684 2708 885 2775 alienissima.
918 2711 980 2771 Ubi
1003 2713 1084 2772 enim
1108 2717 1201 2791 poeta
1215 2710 1350 2796 Lycurgi
1365 2711 1450 2772 iacta

274 2813 405 2873 narrat?
448 2809 574 2871 Nullum
595 2813 627 2876 in
649 2817 715 2873 toto
739 2814 878 2874 carmine
909 2811 1063 2873 eiusmodi
1091 2809 1192 2870 locum
1215 2814 1367 2893 reperies.
1410 2812 1451 2871 lut

275 2915 345 2973 iure
368 2910 511 2991 quidem3
533 2918 652 2990 „poeta
674 2913 757 2970 enim
778 2931 839 2971 non
863 2911 940 2986 vult,
963 2920 996 2972 ut
1018 2911 1109 2972 miles
1132 2930 1240 2994 agrum
1262 2917 1452 2991 corrumpat,

277 3012 335 3074 sed
359 3020 393 3073 ut
415 3016 578 3072 evertatur
600 3027 683 3092 ager,
707 3029 747 3070 ne
771 3008 861 3069 miles
884 3028 922 3070 eo
944 3011 1007 3070 frui
1029 3013 1160 3093 possit.“
1198 3011 1297 3072 Versu
1320 3009 1339 3072 8
1363 3029 1452 3071 exse-

279 3114 377 3174 cratio
399 3111 521 3191 incipit,
544 3127 604 3188 qua
626 3128 735 3193 agrum
759 3111 859 3171 everti
884 3116 917 3170 et
938 3113 1095 3192 corrumpi
1125 3117 1212 3190 optat
1233 3120 1338 3192 poeta.
1382 3113 1452 3191 ipse

277 3216 338 3275 iam
368 3213 436 3295 agri
466 3208 679 3288 voluptatibus
708 3210 770 3270 frui
799 3228 860 3268 uon
893 3216 1015 3290 potest;
1051 3209 1143 3271 aliius
1172 3213 1254 3271 enim
1285 3212 1452 3272 dominium

277 3315 381 3376 factus
404 3317 469 3385 est;
493 3309 584 3387 militi
606 3319 701 3392 poeta
719 3309 897 3390 voluptates
913 3313 981 3394 agri
995 3312 1127 3388 inridet,
1148 3313 1222 3373 hiric
1235 3311 1355 3372 nullum
1372 3314 1454 3374 fruc·

277 3422 343 3475 tum
373 3432 411 3474 ex
443 3430 480 3473 eo
509 3412 594 3472 nasci
616 3417 773 3491 precatur.
817 3409 970 3474 Catonem
1002 3412 1145 3474 videmus
1167 3431 1248 3473 novo
1278 3415 1452 3493 possessori

277 3516 345 3577 fata
367 3515 546 3574 tristissima
568 3513 703 3593 precari,
725 3530 806 3589 quae
829 3532 897 3572 oum
913 3515 1068 3573 montibus
1084 3518 1118 3572 et
1133 3511 1222 3573 silvis
1238 3515 1454 3589 communicat,

279 3621 316 3676 ut
337 3615 428 3694 quasi
451 3619 551 3673 testes
573 3613 797 3672 exsecrationis
818 3612 905 3673 fiant.
947 3613 1006 3671 Est
1035 3615 1117 3672 enim
1145 3622 1249 3698 poeta⁹
1269 3616 1454 3698 cogitandus

278 3719 312 3778 in
327 3712 464 3776 solitudo
480 3714 548 3796 agri
563 3729 758 3772 commorans
774 3707 827 3792 (cf.
844 3731 873 3773 v.
888 3706 955 3794 86),
978 3711 1030 3773 ubi
1051 3721 1174 3772 montes
1197 3720 1229 3774 et
1251 3714 1348 3776 silvas
1371 3716 1455 3777 solos

282 3814 457 3876 devotionis
481 3819 579 3873 testes
594 3813 708 3875 trahet:
731 3810 861 3885 „audite
878 3818 1012 3884 montes,
1033 3809 1140 3872 audite
1158 3813 1269 3889 siluae,
1291 3835 1373 3894 quae
1389 3818 1455 3875 fata

280 3913 341 3993 iili,
364 3916 416 3993 qui
439 3933 548 3997 agrum
570 3931 672 3972 meum
697 3911 848 3992 possidet,
869 3913 1055 3992 precabor.“
1099 3912 1220 3973 Deinde
1241 3916 1343 3995 ipsam
1366 3934 1456 3976 erse-

282 4017 453 4076 crationem
476 4012 653 4074 exorditur:
676 4012 771 4092 impia
792 4012 976 4072 Trinacriae
998 4010 1200 4074 sterilescant
1221 4017 1336 4099 gaudia
1359 4017 1455 4082 robis.

282 4115 316 4176 Si
344 4115 390 4174 ita
420 4113 521 4174 iocum
556 4114 811 4192 interpretamur,
842 4121 928 4172 certo
957 4112 1074 4188 elucet,
1108 4132 1212 4193 neque
1245 4115 1286 4177 de
1314 4117 1456 4204 Lycurgo

282 4213 420 4275 Thracio
444 4215 575 4294 cogitari
596 4231 701 4294 posse,
722 4231 826 4290 neque
848 4211 973 4273 dicam
996 4214 1079 4275 idem
1103 4233 1175 4276 esse
1199 4223 1295 4296 atque
1317 4220 1365 4278 im
1373 4239 1458 4301 pre-

285 4315 416 4375 cabor.
460 4313 602 4393 Denique
632 4310 707 4392 quid
731 4312 864 4396 Lycurgi
894 4315 1066 4391 referebat,
1095 4322 1222 4394 poetam
1244 4321 1403 4380 montibus
1425 4329 1458 4381 et

285 4411 375 4476 silvis
397 4413 510 4474 facta
526 4415 596 4474 eius
610 4414 763 4476 narrare?
784 4411 957 4498 Lycurgum
975 4421 1080 4476 autem
1096 4413 1227 4479 militem
1244 4437 1315 4480 esse
1331 4437 1458 4496 censeo,
