3484 4967
834 491 873 557 11

749 573 952 590 -n-n-d--n—

166 687 181 720 a·
263 663 362 726 tertia
384 681 434 727 vv.
454 657 499 724 45
519 657 578 726 46:

365 763 502 837 Portica
520 784 587 856 qua
603 773 742 838 nostros
760 772 885 836 metata
904 771 959 838 est
975 762 1080 858 impia
1095 761 1244 855 agellos,

369 879 444 966 Qua
460 881 571 952 nostri
589 877 676 952 iines
696 878 791 971 olim,
809 881 897 953 cinis
915 881 1031 954 omnia
1048 879 1139 952 iiant.

263 993 351 1057 Duas
378 1000 555 1077 postremas
583 1001 693 1075 partes
721 992 801 1054 duas
829 995 977 1075 strophas
1006 996 1172 1074 quinorum
1199 1010 1346 1054 versuum
1369 1011 1440 1054 esse

264 1095 363 1159 totius
383 1093 446 1156 loci
467 1101 581 1157 natura
603 1093 805 1158 demonstrat.

349 1195 483 1258 Restant
504 1193 649 1257 undecim
671 1213 792 1270 versus,
813 1191 952 1270 2646,
973 1194 1086 1274 quibus
1107 1201 1202 1274 poeta
1223 1192 1335 1258 siloam
1352 1211 1442 1256 exae-

265 1302 344 1359 crat.
385 1295 522 1358 Maxime
544 1315 573 1358 v.
589 1291 632 1356 30
653 1292 789 1356 offendit
810 1313 866 1354 suo
889 1291 972 1371 loco,
995 1313 1089 1374 quum
1111 1312 1182 1355 eam
1203 1294 1342 1357 indolem
1363 1313 1441 1376 praa

266 1413 304 1456 se
325 1395 418 1472 ferat,
442 1413 524 1476 quae
546 1396 640 1456 iinem
662 1394 862 1476 stropharum
883 1393 1011 1458 indicet.
1052 1394 1132 1456 Tum
1153 1396 1269 1458 iierent
1290 1397 1441 1478 strophae

267 1515 317 1559 vv.
339 1493 467 1560 26-30
489 1522 526 1550 =
549 1492 571 1557 5
593 1515 642 1558 nv.
666 1527 701 1540 -
724 1513 775 1558 vv.
796 1491 924 1558 31-36
946 1519 985 1547 ==
1008 1492 1029 1557 6
1051 1514 1100 1558 vv.

351 1597 439 1674 Quae
463 1595 575 1658 divisio
599 1597 695 1657 etiam
717 1595 819 1655 miuus
839 1595 1023 1656 offensionis
1045 1596 1190 1678 baberet,
1213 1599 1240 1659 ai
1261 1616 1318 1678 pro
1341 1595 1442 1658 miii·

166 1723 175 1750 2
268 1696 320 1757 tis
348 1696 474 1779 impia
504 1714 616 1775 qurum
646 1697 811 1779 legeretur
842 1693 987 1756 militis
1015 1697 1054 1756 in
1083 1695 1275 1777 platanis,
1304 1695 1441 1776 quadiu

267 1793 389 1876 aliquot
410 1795 569 1858 codicibus
591 1797 740 1876 scriptum
763 1803 820 1860 cst.
862 1795 944 1856 Tum
965 1797 1049 1858 enim
1071 1797 1257 1878 parenthesi
1279 1815 1358 1879 opus
1379 1815 1441 1858 nou

269 1905 366 1960 esset.
410 1895 475 1958 Sed
503 1894 595 1978 plura
624 1903 708 1976 sunt,
741 1914 823 1976 quae
850 1896 926 1958 huic
953 1895 1102 1957 divisioni
1130 1898 1262 1961 obstant.
1306 1897 1441 1974 Primum

269 1997 364 2072 enim,
385 1997 412 2057 si
435 1998 538 2058 iocum
560 2015 668 2058 aarum
691 1997 902 2078 stropharum,
924 2014 1007 2076 quae
1022 1999 1108 2058 senis
1130 2003 1274 2059 coustant
1287 1999 1442 2074 versibus,

269 2097 445 2158 accuratius
461 2097 708 2174 consideramus,
723 2103 810 2159 certo
827 2096 1012 2174 videbimus,
1034 2117 1096 2158 nou
1110 2099 1193 2160 bene
1207 2100 1290 2160 hanc
1305 2104 1442 2160 nostram

268 2194 452 2263 collocatam
475 2216 556 2263 esse.
590 2201 631 2261 Aa
653 2218 728 2262 vero
751 2200 779 2260 si
801 2197 934 2279 stropha
956 2217 1011 2259 sex
1031 2216 1177 2262 vemuum
1193 2206 1267 2269 ante
1281 2199 1443 2280 stropham

167 2339 168 2342 ,
268 2297 408 2377 quinque
431 2318 577 2362 versuum
599 2303 704 2382 posita
726 2304 823 2373 esset,
852 2306 887 2359 ut
907 2298 1037 2378 stropha
1060 2316 1110 2360 vr.
1131 2294 1237 2360 8-13
1258 2306 1290 2360 et
1310 2299 1444 2380 stropha

269 2417 319 2462 vv.
341 2395 494 2476 48-53,
524 2397 682 2460 secundae
704 2399 804 2481 partit
827 2399 1051 2460 exsecrationis
1077 2398 1202 2458 initium
1225 2405 1336 2463 esset..
1363 2399 1443 2460 Τιιιι

270 2499 366 2559 eiiam
387 2499 588 2561 intercalaris
611 2500 725 2571 obstat,
747 2517 840 2578 qurum
863 2515 968 2576 neque
990 2517 1018 2559 v.
1034 2492 1075 2558 lo
1089 2499 1134 2559 uti
1150 2500 1317 2580 possimus,
1338 2496 1444 2581 (prae-

270 2595 357 2658 cedit
382 2601 468 2660 enim
497 2601 558 2660 iam
587 2596 788 2668 intercalaris
820 2620 847 2662 v.
870 2595 928 2660 25:
959 2597 1026 2658 Sic
1054 2617 1198 2678 precor
1227 2596 1312 2683 etc),
1339 2617 1443 2679 neque

271 2717 300 2761 a.
322 2695 365 2760 25
386 2707 478 2780 aptus
501 2700 554 2776 ait,
582 2717 678 2778 quarm
702 2718 751 2763 vv.
772 2695 1051 2764 26-30uu11‘am
1074 2700 1322 2760 exsecrationem
1346 2701 1445 2761 couti-

166 2781 177 2803 '
271 2805 376 2862 neunt.
419 2801 527 2880 itaque
549 2797 630 2861 nihii
658 2798 745 2864 aliud
767 2804 880 2874 restat,
907 2817 1001 2877 quam
1030 2806 1064 2859 ut
1093 2817 1218 2860 versum
1240 2797 1283 2863 30
1312 2797 1444 2859 deloco

271 2916 465 2979 moveamus,
487 2918 676 2979 qruamquam
697 2897 901 2960 dubitandum
924 2917 986 2961 uou
1009 2905 1069 2974 est,
1094 2900 1167 2977 quin
1190 2917 1210 2958 a
1232 2906 1327 2978 poeta
1349 2899 1445 2961 totius

271 2999 417 3063 carminis
447 3000 610 3080 proiectus
639 3000 688 3062 sit.
740 3000 803 3059 iam
833 2998 971 3076 eiiipitur
998 2997 1129 3078 stropha
1159 2997 1268 3060 decern
1299 3017 1445 3059 versuum

272 3120 322 3164 vv.
344 3097 482 3178 26-36,
503 3118 585 3180 quae
609 3100 754 3161 versibus
776 3096 818 3160 35
840 3105 874 3160 et
896 3096 937 3161 36
959 3096 1093 3162 catalexi

372 3256 384 3281 .
422 3235 425 3242 ·
436 3253 1065 3278 ...........
1079 3300 1086 3314 ο
1117 3200 1286 3295 iuppiter,
1314 3199 1390 3294 ipsc
1417 3180 1425 3194 ⁴
1539 3299 1546 3310 .

374 3317 533 3418 iuppiter
558 3322 649 3392 huno
675 3319 776 3392 aluit:
803 3321 891 3393 cinis
918 3318 1007 3390 baec
1031 3316 1093 3390 tibi
1119 3316 1177 3390 fiai
1201 3311 1339 3413 oporiet

271 3435 388 3498 iinitur.
404 3434 510 3496 Habet
523 3435 633 3496 eadem
650 3433 828 3516 dupplicem
840 3452 1002 3495 numerum
1016 3452 1173 3507 versuum,
1189 3451 1281 3512 quam
1295 3430 1447 3512 strophae

272 3535 401 3614 saepius
416 3539 573 3617 repetitae
587 3538 753 3616 quinorum
768 3552 925 3596 versuum.
957 3533 1039 3594 Huic
1054 3531 1299 3614 respondentem
1315 3531 1447 3593 alteram

272 3627 1448 3715 eundemquedeeemversuumatrophamrepertrenonpateram,qutequtd

166 3753 172 3771 ·
271 3734 397 3795 tandem
409 3737 579 3800 tentabam.
600 3738 709 3814 Quare
725 3734 878 3815 suspicor,
891 3741 965 3794 aute
981 3752 1009 3795 v.
1020 3731 1063 3794 26
1077 3733 1238 3814 stropham
1254 3731 1363 3792 decem
1379 3748 1448 3790 ver·

272 3843 363 3896 suum
379 3833 544 3914 excidisse,
565 3854 647 3899 vers.
662 3833 705 3897 30
718 3841 821 3896 autem
838 3835 909 3895 eius
924 3832 1079 3911 reliquum
1095 3850 1177 3895 esse.
1209 3832 1328 3892 Nititur
1342 3837 1447 3891 auten

274 3936 356 3997 haec
382 3937 521 4018 aruspicia
549 3937 724 3998 rationibus
751 3934 849 3996 hisce.
900 3933 1014 3996 Mirum
1044 3933 1128 3991 enim
1159 3929 1292 4006 videtur,
1321 3937 1448 4011 poetam

273 4053 355 4098 novo
384 4039 560 4119 possessori
588 4034 703 4120 gaudia
732 4053 793 4098 non
822 4050 1016 4112 exsecrasse,
1045 4048 1127 4111 quiae
1158 4049 1196 4093 ex
1222 4029 1448 4094 consuetudine

166 4139 177 4160 “
275 4144 371 4215 atque
393 4155 499 4198 amore
522 4135 643 4217 Lydiae
665 4139 862 4216 perceperat.
893 4133 935 4197 iat
955 4139 1060 4195 tamen
1084 4150 1154 4193 eam
1176 4132 1253 4194 iacit
1274 4132 1343 4193 eius
1363 4149 1450 4192 men-

275 4234 405 4311 tionem,
433 4233 516 4316 puae
540 4234 708 4299 evidenter
730 4234 889 4312 ostendat,
917 4232 1050 4314 Lydiam
1080 4234 1111 4293 ei
1137 4251 1199 4292 non
1221 4231 1322 4293 minus
1344 4250 1448 4293 caram
1535 4260 1541 4272 ·
1575 4226 1576 4235 ’

277 4354 361 4412 esse,
384 4355 478 4416 quam
501 4341 599 4405 totum
621 4355 740 4420 agrurn.
763 4334 863 4432 Ci3v.
879 4331 937 4400 89:
959 4341 998 4395 et
1019 4332 1142 4413 Lydia
1164 4329 1322 4436 dulcior
1344 4328 1449 4402 iilis,
1575 4376 1576 4383 ,
