3484 4967
850 485 915 569 ιιι

285 654 389 716 omnia
418 651 566 730 devovet,
594 671 676 733 quae
704 653 745 714 ed
775 655 870 718 vitam
898 656 930 716 in
952 672 1028 738 agre
1055 652 1290 716 necessaria
1311 655 1395 725 sunt,
1422 651 1457 710 in
1554 646 1580 730 g

284 752 387 816 altera
411 771 460 829 ee,
489 771 571 833 quae
595 769 664 814 eam
693 754 903 817 iucundam
930 752 1076 827 reddunt.
1118 750 1166 815 Ad
1187 771 1300 826 sensus
1321 750 1458 814 diversi·

284 858 381 916 tatem
403 850 536 928 accedit,
565 852 646 931 quod
668 861 764 934 poeta
784 853 825 916 ad
847 873 1015 935 personam
1033 851 1189 934 quandam
1209 852 1335 929 transit,
1361 869 1458 931 quum
1527 899 1533 909 .

283 953 430 1036 strophas
451 953 544 1014 finire
566 951 641 1016 vult.
684 953 776 1032 Quod
797 963 905 1018 nostro
926 951 996 1017 loco
1018 956 1054 1018 nt
1076 972 1170 1016 veron
1194 949 1255 1017 19:

385 1053 458 1127 Nec
483 1055 574 1130 desit
598 1059 755 1142 nostris
782 1057 945 1130 devotum
971 1078 1114 1150 germen
1141 1057 1275 1129 avenis,

284 1171 420 1234 Praeter
441 1171 525 1236 hunc
547 1189 671 1233 versum
694 1172 839 1234 conseras
862 1193 910 1236 rr.
931 1168 975 1234 35
995 1169 1053 1234 36ι

1034 1272 1204 1369 luppiter,
1229 1274 1306 1366 ipse

385 1391 543 1486 luppiter
568 1388 657 1460 hane
683 1389 778 1483 aluit,
807 1393 894 1464 einis
920 1392 1008 1464 haec
1033 1390 1119 1464 tibi
1144 1389 1202 1462 fiat
1227 1395 1374 1484 oportet,

284 1540 314 1588 o.
337 1523 355 1586 7
364 1546 372 1585 :
396 1561 405 1582 .
432 1562 441 1579 .
467 1560 476 1582 .
505 1561 513 1580 .
541 1507 645 1580 luerit
670 1515 770 1602 quam
796 1529 867 1581 non
892 1530 984 1581 mea
1009 1507 1119 1581 libera
1146 1530 1270 1598 avena,

286 1659 334 1704 vv.
350 1635 404 1718 52,
415 1636 474 1701 53:
497 1624 572 1711 Qua
589 1625 766 1699 Vulcanus
785 1648 889 1718 agros
908 1637 1025 1721 pastus
1040 1626 1142 1704 lovis
1159 1623 1297 1720 ignibus
1315 1630 1423 1712 arcet,

500 1741 653 1815 Barbara
670 1741 803 1815 dicatur
819 1744 970 1840 Libycae
988 1765 1101 1834 soror,
1119 1743 1228 1817 altera
1245 1737 1370 1835 Syrtis.

367 1857 553 1918 Huiusmodi
575 1877 686 1919 versus
704 1877 766 1919 non
788 1867 861 1922 suut
874 1857 1093 1934 intercalares,
1116 1859 1260 1936 quoniam
1276 1872 1371 1917 seusu
1386 1872 1459 1914 cum

288 1957 421 2036 strophe
454 1959 611 2019 coniuncti
646 1965 728 2030 sunt,
763 1957 819 2018 sed
852 1959 946 2020 linem
979 1975 1036 2019 seu
1068 1955 1226 2020 catalexin
1258 1954 1458 2034 stropharum
1578 1954 1579 1967 *

284 2055 432 2119 indicant.
482 2056 563 2118 Hinc
591 2059 749 2137 sepultura
783 2058 845 2118 Ubi
875 2066 968 2138 poeta
997 2065 1052 2121 aut
1080 2059 1194 2121 transit
1221 2055 1262 2117 ad
1289 2073 1459 2137 personans

284 2152 421 2235 aliquam
449 2163 504 2218 aut
539 2155 740 2218 devotionem
776 2157 971 2240 generaliter
1005 2161 1115 2239 paucis
1149 2157 1379 2239 complectitur,
1413 2156 1458 2217 ihi

282 2250 448 2332 mediata
469 2257 618 2337 strophae
640 2255 809 2318 statuenda
831 2264 888 2322 est.

367 2355 433 2416 Sed
454 2359 554 2418 maior
567 2358 601 2418 ln
617 2357 843 2420 constituendis
861 2358 1000 2438 strophis
1016 2357 1187 2421 difficultas
1210 2377 1229 2421 a
1245 2378 1273 2423 v.
1289 2355 1331 2421 26
1346 2358 1458 2420 oritur.

285 2449 448 2517 Proximus
476 2459 559 2520 enim
586 2457 785 2520 intercalaris
815 2478 835 2519 a
864 2479 892 2522 v.
920 2455 963 2520 25
988 2461 1150 2522 invenitur
1176 2480 1205 2523 v.
1227 2455 1280 2538 47,
1308 2458 1458 2536 idemque

285 2559 337 2620 eso
365 2561 461 2634 atque
490 2575 601 2618 versus
629 2553 680 2622 25.
730 2560 817 2637 Quas
844 2560 991 2639 strophas
1020 2561 1232 2642 cognovimus,
1262 2577 1320 2620 ese
1348 2576 1458 2618 ornnes

286 2671 432 2716 uersuum
454 2674 585 2724 numero
614 2675 711 2736 pares
739 2666 842 2732 erent,
870 2657 982 2720 saltem
1013 2661 1116 2722 hisae.
1157 2658 1227 2719 Hoc
1252 2657 1322 2719 loeo
1346 2665 1458 2732 purtem

284 2774 347 2817 una
367 2754 523 2830 undecim,
544 2774 606 2817 uua
628 2754 739 2818 decern
761 2759 906 2818 versihns
928 2765 1096 2836 constaret,
1117 2759 1145 2819 si
1166 2756 1286 2819 nullum
1305 2757 1458 2838 descrip·
1571 2788 1580 2819 t

283 2863 357 2918 tura
379 2863 466 2918 esset
486 2854 623 2921 dubium.
661 2856 835 2920 Praeterea
855 2857 974 2919 indicia
994 2865 1077 2937 sunt,
1100 2878 1184 2938 quae
1199 2878 1257 2919 nos
1272 2857 1458 2939 impediunt,
1568 2915 1578 2956 ;

284 2959 449 3035 quominus
465 2974 502 3018 ex
517 2956 638 3018 dnahus
653 2959 791 3041 strophis
806 2959 890 3020 hunc
903 2956 1006 3019 lecum
1021 2965 1167 3019 constare
1181 2966 1338 3039 putemus.
1366 2955 1459 3036 Quod

285 3058 368 3120 enirn
391 3059 578 3122 adsensum
600 3059 726 3135 attinet,
755 3059 788 3119 in
816 3058 894 3120 dues
923 3065 1031 3140 partes
1060 3057 1159 3120 dividi
1180 3066 1299 3140 potest,
1326 3077 1458 3138 quarum
1578 3118 1579 3123 ,

285 3161 418 3242 primam
442 3178 552 3221 versus
573 3157 697 3222 26-41
721 3158 852 3221 alteram
883 3179 932 3223 vv.
953 3155 1080 3221 42-46
1108 3159 1258 3223 efficiunt.
1302 3160 1335 3222 ln
1357 3161 1459 3240 prima

284 3266 377 3342 parte
404 3257 525 3334 silvam,
554 3262 586 3322 ln
614 3258 718 3321 altera
740 3261 833 3334 vites,
860 3265 987 3344 segetes
1016 3267 1049 3322 et
1078 3261 1207 3321 arbores
1235 3259 1381 3324 devovet.
1423 3259 1459 3320 Si
1578 3294 1579 3319 ι

285 3378 362 3422 vero
384 3357 511 3422 dicendi
532 3359 685 3420 radonem
708 3367 898 3440 spectemus,
919 3366 986 3422 tres
1007 3367 1115 3441 partes
1136 3351 1227 3422 sunt:
1261 3380 1309 3422 vv.
1331 3356 1459 3422 att-36

287 3487 324 3515 =
350 3457 389 3522 ll
412 3480 461 3523 vv.
483 3495 523 3504 —
549 3480 597 3523 vv.
619 3457 744 3522 37-41
769 3487 805 3516 =
829 3457 851 3524 5
873 3478 922 3524 vv.
943 3493 976 3510 ·—
1007 3481 1058 3524 vv.
1079 3455 1207 3522 42-46
1229 3485 1267 3513 =
1290 3457 1312 3522 5
1335 3480 1383 3523 ιιι.

367 3563 403 3622 Ιιι
425 3561 487 3622 fine
516 3562 599 3622 enim
627 3561 779 3640 cuiusque
808 3561 908 3642 partis
936 3579 992 3622 eos
1021 3579 1131 3623 versus
1152 3561 1340 3637 invenimus,
1378 3579 1459 3639 qnos

286 3679 382 3744 supra
403 3662 498 3723 ίὶιιοιιι
520 3661 721 3743 stropharum
742 3659 884 3723 indicare
906 3663 1080 3725 statuimus.
1122 3661 1228 3722 Prima
1255 3677 1330 3741 pars
1351 3661 1460 3722 linitur

163 3831 174 3864 ἲ,
286 3785 335 3828 vv.
357 3760 399 3844 35
420 3761 479 3826 36:

387 3919 395 3940 .
449 3918 456 3938 .
510 3918 519 3938 .
573 3867 608 3936 .’
636 3916 1082 3938 ........
1134 3864 1305 3960 luppiter,
1332 3864 1409 3956 ipse

387 3983 548 4079 luppiter
566 3983 661 4084 ,hanc
684 3984 786 4055 aluit:
814 3985 902 4056 cinis
929 3983 1016 4055 haec
1041 3981 1102 4055 tihi
1127 3982 1186 4054 liat
1211 3989 1367 4076 oportet;

286 4098 425 4160 secunda
447 4119 496 4160 vv.
518 4093 561 4158 40
581 4093 638 4160 412

390 4201 499 4285 Quom
519 4210 576 4272 tua
594 4221 728 4294 cyaneo
747 4197 975 4292 resplendens
994 4199 1135 4270 aethere
1152 4199 1243 4270 silva

387 4316 486 4403 Norit
508 4320 573 4388 iter
592 4315 722 4387 ducens
740 4312 867 4405 Erebo,
887 4312 1214 4410 tue,'Lydia,Dit1s;
