<?xml version="1.0" encoding="UTF-8"?>
<!DOCTYPE html PUBLIC "-//W3C//DTD XHTML 1.0 Transitional//EN"
    "http://www.w3.org/TR/xhtml1/DTD/xhtml1-transitional.dtd">
<html xmlns="http://www.w3.org/1999/xhtml" xml:lang="en" lang="en">
 <head>
  <title>
</title>
<meta http-equiv="Content-Type" content="text/html;charset=utf-8" />
  <meta name='ocr-system' content='tesseract 3.04.00' />
  <meta name='ocr-capabilities' content='ocr_page ocr_carea ocr_par ocr_line ocrx_word'/>
</head>
<body>
  <div class='ocr_page' id='page_1' title='image "./valericatonisqu00goebgoog_0033.png"; bbox 0 0 3484 4967; ppageno 0'>
   <div class='ocr_carea' id='block_1_1' title="bbox 273 531 1458 3498">
    <p class='ocr_par' dir='ltr' id='par_1_1' title="bbox 837 531 880 600">
     <span class='ocr_line' id='line_1_1' title="bbox 837 531 880 600; baseline 0 0"><span class='ocrx_word' id='word_1_1' title='bbox 837 531 880 600; x_wconf 79' lang='lat'>29</span> 
     </span>
    </p>

    <p class='ocr_par' dir='ltr' id='par_1_2' title="bbox 273 698 1455 2672">
     <span class='ocr_line' id='line_1_2' title="bbox 275 698 1445 788; baseline -0.006 -20"><span class='ocrx_word' id='word_1_2' title='bbox 275 705 423 788; x_wconf 88' lang='lat' dir='ltr'>suppleta</span> <span class='ocrx_word' id='word_1_3' title='bbox 443 703 579 766; x_wconf 80' lang='lat' dir='ltr'>reddere</span> <span class='ocrx_word' id='word_1_4' title='bbox 601 721 783 785; x_wconf 84' lang='lat' dir='ltr'>possumus:</span> <span class='ocrx_word' id='word_1_5' title='bbox 805 705 937 766; x_wconf 81' lang='lat' dir='ltr'><strong>Frustra</strong></span> <span class='ocrx_word' id='word_1_6' title='bbox 957 706 1115 786; x_wconf 83' lang='lat' dir='ltr'>Lycurgus</span> <span class='ocrx_word' id='word_1_7' title='bbox 1137 700 1249 762; x_wconf 85' lang='lat' dir='ltr'>silvam</span> <span class='ocrx_word' id='word_1_8' title='bbox 1271 698 1391 761; x_wconf 89' lang='lat' dir='ltr'>lucrum</span> <span class='ocrx_word' id='word_1_9' title='bbox 1407 719 1445 762; x_wconf 87' lang='lat' dir='ltr'>ex</span> 
     </span>
     <span class='ocr_line' id='line_1_3' title="bbox 275 802 1445 885; baseline -0.007 -16"><span class='ocrx_word' id='word_1_10' title='bbox 275 827 316 870; x_wconf 90' lang='lat' dir='ltr'>ea</span> <span class='ocrx_word' id='word_1_11' title='bbox 337 809 478 869; x_wconf 84' lang='lat' dir='ltr'>facturus</span> <span class='ocrx_word' id='word_1_12' title='bbox 507 804 670 866; x_wconf 71' lang='lat' dir='ltr'>succidere</span> <span class='ocrx_word' id='word_1_13' title='bbox 693 805 866 882; x_wconf 92' lang='lat' dir='ltr'>conabitur,</span> <span class='ocrx_word' id='word_1_14' title='bbox 896 823 989 884; x_wconf 91' lang='lat' dir='ltr'>quum</span> <span class='ocrx_word' id='word_1_15' title='bbox 1011 802 1117 884; x_wconf 92' lang='lat' dir='ltr'>potius</span> <span class='ocrx_word' id='word_1_16' title='bbox 1138 802 1263 885; x_wconf 92' lang='lat' dir='ltr'>ignibus</span> <span class='ocrx_word' id='word_1_17' title='bbox 1292 802 1445 862; x_wconf 72' lang='lat' dir='ltr'>aetheriis</span> 
     </span>
     <span class='ocr_line' id='line_1_4' title="bbox 273 901 1446 991; baseline -0.004 -23"><span class='ocrx_word' id='word_1_18' title='bbox 273 908 429 991; x_wconf 84' lang='lat' dir='ltr'>flagrabit.</span> <span class='ocrx_word' id='word_1_19' title='bbox 472 906 578 968; x_wconf 87' lang='lat' dir='ltr'>Novus</span> <span class='ocrx_word' id='word_1_20' title='bbox 608 906 690 967; x_wconf 90' lang='lat' dir='ltr'>enim</span> <span class='ocrx_word' id='word_1_21' title='bbox 721 924 897 986; x_wconf 76' lang='lat' dir='ltr'>possessor,</span> <span class='ocrx_word' id='word_1_22' title='bbox 925 905 958 965; x_wconf 89' lang='lat' dir='ltr'>id</span> <span class='ocrx_word' id='word_1_23' title='bbox 988 901 1072 982; x_wconf 85' lang='lat' dir='ltr'>quod</span> <span class='ocrx_word' id='word_1_24' title='bbox 1100 921 1161 961; x_wconf 89' lang='lat' dir='ltr'>non</span> <span class='ocrx_word' id='word_1_25' title='bbox 1189 920 1262 962; x_wconf 87' lang='lat' dir='ltr'>raro</span> <span class='ocrx_word' id='word_1_26' title='bbox 1293 901 1446 963; x_wconf 89' lang='lat' dir='ltr'>accidisse</span> 
     </span>
     <span class='ocr_line' id='line_1_5' title="bbox 275 1000 1447 1085; baseline -0.006 -17"><span class='ocrx_word' id='word_1_27' title='bbox 275 1009 346 1068; x_wconf 87' lang='lat' dir='ltr'>veri</span> <span class='ocrx_word' id='word_1_28' title='bbox 375 1005 596 1068; x_wconf 88' lang='lat' dir='ltr'>simmillimum</span> <span class='ocrx_word' id='word_1_29' title='bbox 620 1017 679 1080; x_wconf 89' lang='lat' dir='ltr'>est,</span> <span class='ocrx_word' id='word_1_30' title='bbox 707 1007 885 1067; x_wconf 83' lang='lat' dir='ltr'>succisurus</span> <span class='ocrx_word' id='word_1_31' title='bbox 915 1001 1027 1063; x_wconf 86' lang='lat' dir='ltr'>silvam</span> <span class='ocrx_word' id='word_1_32' title='bbox 1050 1009 1130 1078; x_wconf 87' lang='lat' dir='ltr'>erat,</span> <span class='ocrx_word' id='word_1_33' title='bbox 1159 1008 1194 1062; x_wconf 94' lang='lat' dir='ltr'>ut</span> <span class='ocrx_word' id='word_1_34' title='bbox 1217 1021 1255 1062; x_wconf 86' lang='lat' dir='ltr'>ex</span> <span class='ocrx_word' id='word_1_35' title='bbox 1275 1000 1369 1085; x_wconf 91' lang='lat' dir='ltr'>lignis</span> <span class='ocrx_word' id='word_1_36' title='bbox 1390 1019 1447 1083; x_wconf 90' lang='lat' dir='ltr'>pe-</span> 
     </span>
     <span class='ocr_line' id='line_1_6' title="bbox 275 1101 1447 1188; baseline -0.005 -19"><span class='ocrx_word' id='word_1_37' title='bbox 275 1110 398 1170; x_wconf 90' lang='lat' dir='ltr'>cuniam</span> <span class='ocrx_word' id='word_1_38' title='bbox 421 1109 551 1170; x_wconf 84' lang='lat' dir='ltr'>faceret.</span> <span class='ocrx_word' id='word_1_39' title='bbox 594 1107 811 1186; x_wconf 89' lang='lat' dir='ltr'>Nequiequam</span> <span class='ocrx_word' id='word_1_40' title='bbox 840 1107 938 1188; x_wconf 91' lang='lat' dir='ltr'>igitur</span> <span class='ocrx_word' id='word_1_41' title='bbox 959 1101 1099 1163; x_wconf 91' lang='lat' dir='ltr'>laborem</span> <span class='ocrx_word' id='word_1_42' title='bbox 1123 1101 1275 1163; x_wconf 90' lang='lat' dir='ltr'>caedendi</span> <span class='ocrx_word' id='word_1_43' title='bbox 1299 1103 1447 1183; x_wconf 83' lang='lat' dir='ltr'>suscepit,</span> 
     </span>
     <span class='ocr_line' id='line_1_7' title="bbox 275 1203 1448 1290; baseline -0.006 -21"><span class='ocrx_word' id='word_1_44' title='bbox 275 1229 369 1288; x_wconf 93' lang='lat' dir='ltr'>quum</span> <span class='ocrx_word' id='word_1_45' title='bbox 393 1211 532 1290; x_wconf 91' lang='lat' dir='ltr'>luppiter</span> <span class='ocrx_word' id='word_1_46' title='bbox 554 1207 664 1270; x_wconf 88' lang='lat' dir='ltr'>silvam</span> <span class='ocrx_word' id='word_1_47' title='bbox 686 1210 719 1268; x_wconf 93' lang='lat' dir='ltr'>in</span> <span class='ocrx_word' id='word_1_48' title='bbox 742 1209 880 1269; x_wconf 89' lang='lat' dir='ltr'>cinerem</span> <span class='ocrx_word' id='word_1_49' title='bbox 902 1224 1052 1268; x_wconf 85' lang='lat' dir='ltr'>versurus</span> <span class='ocrx_word' id='word_1_50' title='bbox 1081 1210 1176 1265; x_wconf 91' lang='lat' dir='ltr'>esset.</span> <span class='ocrx_word' id='word_1_51' title='bbox 1219 1204 1328 1282; x_wconf 87' lang='lat' dir='ltr'>ltaque</span> <span class='ocrx_word' id='word_1_52' title='bbox 1351 1203 1448 1264; x_wconf 92' lang='lat' dir='ltr'>etiam</span> 
     </span>
     <span class='ocr_line' id='line_1_8' title="bbox 275 1303 1449 1387; baseline -0.003 -19"><span class='ocrx_word' id='word_1_53' title='bbox 275 1307 414 1369; x_wconf 92' lang='lat' dir='ltr'>hocloco</span> <span class='ocrx_word' id='word_1_54' title='bbox 427 1310 692 1387; x_wconf 88' lang='lat' dir='ltr'>nequicquam</span> <span class='ocrx_word' id='word_1_55' title='bbox 711 1307 775 1386; x_wconf 91' lang='lat' dir='ltr'>„ad</span> <span class='ocrx_word' id='word_1_56' title='bbox 788 1310 968 1370; x_wconf 88' lang='lat' dir='ltr'>universam</span> <span class='ocrx_word' id='word_1_57' title='bbox 980 1306 1170 1368; x_wconf 89' lang='lat' dir='ltr'>sententiam</span> <span class='ocrx_word' id='word_1_58' title='bbox 1184 1303 1449 1384; x_wconf 84' lang='lat' dir='ltr'>praecedentem“</span> 
     </span>
     <span class='ocr_line' id='line_1_9' title="bbox 275 1401 1448 1486; baseline -0.006 -17"><span class='ocrx_word' id='word_1_59' title='bbox 275 1409 425 1482; x_wconf 88' lang='lat' dir='ltr'>refertur,</span> <span class='ocrx_word' id='word_1_60' title='bbox 446 1415 482 1468; x_wconf 92' lang='lat' dir='ltr'>ut</span> <span class='ocrx_word' id='word_1_61' title='bbox 502 1409 534 1468; x_wconf 92' lang='lat' dir='ltr'>in</span> <span class='ocrx_word' id='word_1_62' title='bbox 556 1406 633 1469; x_wconf 92' lang='lat' dir='ltr'>locis</span> <span class='ocrx_word' id='word_1_63' title='bbox 655 1409 706 1483; x_wconf 88' lang='lat' dir='ltr'>iis,</span> <span class='ocrx_word' id='word_1_64' title='bbox 727 1427 807 1486; x_wconf 92' lang='lat' dir='ltr'>quos</span> <span class='ocrx_word' id='word_1_65' title='bbox 828 1407 967 1469; x_wconf 87' lang='lat' dir='ltr'>Nackius</span> <span class='ocrx_word' id='word_1_66' title='bbox 990 1426 1028 1468; x_wconf 86' lang='lat' dir='ltr'>ex</span> <span class='ocrx_word' id='word_1_67' title='bbox 1048 1405 1196 1466; x_wconf 88' lang='lat' dir='ltr'>Lucretio</span> <span class='ocrx_word' id='word_1_68' title='bbox 1220 1403 1333 1466; x_wconf 90' lang='lat' dir='ltr'>attulit.</span> <span class='ocrx_word' id='word_1_69' title='bbox 1357 1401 1448 1482; x_wconf 77' lang='lat' dir='ltr'>Quod</span> 
     </span>
     <span class='ocr_line' id='line_1_10' title="bbox 275 1506 1449 1588; baseline -0.003 -20"><span class='ocrx_word' id='word_1_70' title='bbox 275 1509 362 1569; x_wconf 88' lang='lat' dir='ltr'>idem</span> <span class='ocrx_word' id='word_1_71' title='bbox 378 1507 413 1569; x_wconf 93' lang='lat' dir='ltr'>V.</span> <span class='ocrx_word' id='word_1_72' title='bbox 430 1507 463 1569; x_wconf 88' lang='lat' dir='ltr'>D.</span> <span class='ocrx_word' id='word_1_73' title='bbox 486 1507 573 1581; x_wconf 90' lang='lat' dir='ltr'>dicit,</span> <span class='ocrx_word' id='word_1_74' title='bbox 594 1509 679 1567; x_wconf 90' lang='lat' dir='ltr'>inter</span> <span class='ocrx_word' id='word_1_75' title='bbox 700 1510 969 1588; x_wconf 78' lang='lat' dir='ltr'>nequicquam</span> <span class='ocrx_word' id='word_1_76' title='bbox 992 1513 1025 1567; x_wconf 94' lang='lat' dir='ltr'>et</span> <span class='ocrx_word' id='word_1_77' title='bbox 1045 1506 1143 1566; x_wconf 85' lang='lat' dir='ltr'>verba</span> <span class='ocrx_word' id='word_1_78' title='bbox 1161 1523 1243 1584; x_wconf 90' lang='lat' dir='ltr'>qnae</span> <span class='ocrx_word' id='word_1_79' title='bbox 1258 1511 1449 1584; x_wconf 84' lang='lat' dir='ltr'>sequuntur:</span> 
     </span>
     <span class='ocr_line' id='line_1_11' title="bbox 277 1605 1448 1686; baseline -0.003 -18"><span class='ocrx_word' id='word_1_80' title='bbox 277 1608 435 1668; x_wconf 90' lang='lat' dir='ltr'>uostris</span> <span class='ocrx_word' id='word_1_81' title='bbox 463 1609 599 1686; x_wconf 89' lang='lat' dir='ltr'>potius</span> <span class='ocrx_word' id='word_1_82' title='bbox 629 1606 779 1668; x_wconf 84' lang='lat' dir='ltr'>devota</span> <span class='ocrx_word' id='word_1_83' title='bbox 806 1607 970 1669; x_wconf 88' lang='lat' dir='ltr'>libellis</span> <span class='ocrx_word' id='word_1_84' title='bbox 999 1605 1121 1667; x_wconf 90' lang='lat' dir='ltr'>nullum</span> <span class='ocrx_word' id='word_1_85' title='bbox 1149 1624 1259 1666; x_wconf 85' lang='lat' dir='ltr'>nexum</span> <span class='ocrx_word' id='word_1_86' title='bbox 1288 1605 1448 1666; x_wconf 82' lang='lat' dir='ltr'>causalem</span> 
     </span>
     <span class='ocr_line' id='line_1_12' title="bbox 278 1705 1447 1790; baseline -0.003 -22"><span class='ocrx_word' id='word_1_87' title='bbox 278 1725 363 1780; x_wconf 88' lang='lat' dir='ltr'>esse,</span> <span class='ocrx_word' id='word_1_88' title='bbox 385 1707 511 1767; x_wconf 90' lang='lat' dir='ltr'>minime</span> <span class='ocrx_word' id='word_1_89' title='bbox 538 1727 647 1768; x_wconf 88' lang='lat' dir='ltr'>verum</span> <span class='ocrx_word' id='word_1_90' title='bbox 671 1714 731 1784; x_wconf 90' lang='lat' dir='ltr'>est,</span> <span class='ocrx_word' id='word_1_91' title='bbox 758 1728 852 1787; x_wconf 88' lang='lat' dir='ltr'>quum</span> <span class='ocrx_word' id='word_1_92' title='bbox 881 1708 1019 1790; x_wconf 88' lang='lat' dir='ltr'>potius</span> <span class='ocrx_word' id='word_1_93' title='bbox 1041 1708 1103 1767; x_wconf 91' lang='lat' dir='ltr'>hoc</span> <span class='ocrx_word' id='word_1_94' title='bbox 1129 1705 1200 1767; x_wconf 93' lang='lat' dir='ltr'>loco</span> <span class='ocrx_word' id='word_1_95' title='bbox 1230 1705 1362 1766; x_wconf 90' lang='lat' dir='ltr'>eandem</span> <span class='ocrx_word' id='word_1_96' title='bbox 1386 1707 1447 1765; x_wconf 89' lang='lat' dir='ltr'>vim</span> 
     </span>
     <span class='ocr_line' id='line_1_13' title="bbox 277 1805 1451 1890; baseline -0.003 -22"><span class='ocrx_word' id='word_1_97' title='bbox 277 1809 396 1870; x_wconf 90' lang='lat' dir='ltr'>habeat</span> <span class='ocrx_word' id='word_1_98' title='bbox 417 1814 512 1886; x_wconf 89' lang='lat' dir='ltr'>atque</span> <span class='ocrx_word' id='word_1_99' title='bbox 535 1810 718 1886; x_wconf 91' lang='lat' dir='ltr'>quoniam</span> <span class='ocrx_word' id='word_1_100' title='bbox 750 1808 835 1890; x_wconf 87' lang='lat' dir='ltr'>apud</span> <span class='ocrx_word' id='word_1_101' title='bbox 861 1809 1052 1871; x_wconf 90' lang='lat' dir='ltr'>Lucretium.</span> <span class='ocrx_word' id='word_1_102' title='bbox 1096 1805 1228 1867; x_wconf 83' lang='lat' dir='ltr'>Poterat</span> <span class='ocrx_word' id='word_1_103' title='bbox 1249 1809 1332 1867; x_wconf 92' lang='lat' dir='ltr'>enim</span> <span class='ocrx_word' id='word_1_104' title='bbox 1354 1812 1451 1886; x_wconf 91' lang='lat' dir='ltr'>poeta</span> 
     </span>
     <span class='ocr_line' id='line_1_14' title="bbox 279 1895 1451 1990; baseline -0.002 -22"><span class='ocrx_word' id='word_1_105' title='bbox 279 1909 357 1970; x_wconf 91' lang='lat' dir='ltr'>coni.</span> <span class='ocrx_word' id='word_1_106' title='bbox 372 1927 420 1986; x_wconf 91' lang='lat' dir='ltr'>qu</span> <span class='ocrx_word' id='word_1_107' title='bbox 430 1907 558 1967; x_wconf 89' lang='lat' dir='ltr'>oniam</span> <span class='ocrx_word' id='word_1_108' title='bbox 574 1910 633 1968; x_wconf 92' lang='lat' dir='ltr'>uti:</span> <span class='ocrx_word' id='word_1_109' title='bbox 650 1911 858 1988; x_wconf 87' lang='lat' dir='ltr'>nequicquam</span> <span class='ocrx_word' id='word_1_110' title='bbox 872 1895 1015 1970; x_wconf 88' lang='lat' dir='ltr'>succides</span> <span class='ocrx_word' id='word_1_111' title='bbox 1032 1905 1156 1982; x_wconf 86' lang='lat' dir='ltr'>silvam,</span> <span class='ocrx_word' id='word_1_112' title='bbox 1168 1908 1313 1985; x_wconf 90' lang='lat' dir='ltr'>quoniam</span> <span class='ocrx_word' id='word_1_113' title='bbox 1325 1908 1451 1990; x_wconf 80' lang='lat' dir='ltr'>ignibus</span> 
     </span>
     <span class='ocr_line' id='line_1_15' title="bbox 279 2007 1451 2094; baseline -0.002 -25"><span class='ocrx_word' id='word_1_114' title='bbox 279 2007 432 2069; x_wconf 87' lang='lat' dir='ltr'>aetheriis</span> <span class='ocrx_word' id='word_1_115' title='bbox 455 2007 608 2090; x_wconf 88' lang='lat' dir='ltr'>flagrabit.</span> <span class='ocrx_word' id='word_1_116' title='bbox 649 2011 755 2086; x_wconf 80' lang='lat' dir='ltr'>Quare</span> <span class='ocrx_word' id='word_1_117' title='bbox 778 2017 849 2090; x_wconf 87' lang='lat' dir='ltr'>post</span> <span class='ocrx_word' id='word_1_118' title='bbox 869 2029 992 2094; x_wconf 88' lang='lat' dir='ltr'>regna</span> <span class='ocrx_word' id='word_1_119' title='bbox 1014 2017 1174 2091; x_wconf 89' lang='lat' dir='ltr'>puuctum,</span> <span class='ocrx_word' id='word_1_120' title='bbox 1195 2015 1268 2090; x_wconf 86' lang='lat' dir='ltr'>post</span> <span class='ocrx_word' id='word_1_121' title='bbox 1288 2009 1451 2087; x_wconf 90' lang='lat' dir='ltr'>nequic-</span> 
     </span>
     <span class='ocr_line' id='line_1_16' title="bbox 280 2105 1453 2190; baseline 0 -22"><span class='ocrx_word' id='word_1_122' title='bbox 280 2126 392 2188; x_wconf 87' lang='lat' dir='ltr'>quam</span> <span class='ocrx_word' id='word_1_123' title='bbox 422 2105 539 2188; x_wconf 81' lang='lat' dir='ltr'>dupler</span> <span class='ocrx_word' id='word_1_124' title='bbox 560 2114 709 2188; x_wconf 90' lang='lat' dir='ltr'>punctum</span> <span class='ocrx_word' id='word_1_125' title='bbox 731 2111 831 2189; x_wconf 88' lang='lat' dir='ltr'>posui.</span> <span class='ocrx_word' id='word_1_126' title='bbox 877 2112 923 2171; x_wconf 88' lang='lat' dir='ltr'>Ab</span> <span class='ocrx_word' id='word_1_127' title='bbox 945 2111 1006 2171; x_wconf 91' lang='lat' dir='ltr'>hoc</span> <span class='ocrx_word' id='word_1_128' title='bbox 1029 2129 1122 2172; x_wconf 81' lang='lat' dir='ltr'>versu</span> <span class='ocrx_word' id='word_1_129' title='bbox 1150 2111 1388 2190; x_wconf 87' lang='lat' dir='ltr'>responsionem</span> <span class='ocrx_word' id='word_1_130' title='bbox 1411 2106 1453 2168; x_wconf 90' lang='lat' dir='ltr'>ad</span> 
     </span>
     <span class='ocr_line' id='line_1_17' title="bbox 279 2205 1453 2288; baseline -0.003 -18"><span class='ocrx_word' id='word_1_131' title='bbox 279 2230 308 2273; x_wconf 86' lang='lat' dir='ltr'>v.</span> <span class='ocrx_word' id='word_1_132' title='bbox 331 2205 372 2270; x_wconf 82' lang='lat'>26</span> <span class='ocrx_word' id='word_1_133' title='bbox 394 2209 547 2288; x_wconf 88' lang='lat' dir='ltr'>incipere,</span> <span class='ocrx_word' id='word_1_134' title='bbox 569 2227 650 2286; x_wconf 90' lang='lat' dir='ltr'>quae</span> <span class='ocrx_word' id='word_1_135' title='bbox 668 2217 716 2270; x_wconf 91' lang='lat' dir='ltr'>est</span> <span class='ocrx_word' id='word_1_136' title='bbox 731 2211 890 2270; x_wconf 88' lang='lat' dir='ltr'>sententia</span> <span class='ocrx_word' id='word_1_137' title='bbox 906 2210 942 2273; x_wconf 88' lang='lat' dir='ltr'>V.</span> <span class='ocrx_word' id='word_1_138' title='bbox 963 2210 996 2272; x_wconf 90' lang='grc' dir='ltr'>Ι).</span> <span class='ocrx_word' id='word_1_139' title='bbox 1012 2212 1044 2271; x_wconf 91' lang='lat' dir='ltr'>in</span> <span class='ocrx_word' id='word_1_140' title='bbox 1067 2229 1199 2270; x_wconf 91' lang='lat' dir='ltr'>censura</span> <span class='ocrx_word' id='word_1_141' title='bbox 1221 2209 1453 2270; x_wconf 89' lang='lat' dir='ltr'>disssertationi</span> 
     </span>
     <span class='ocr_line' id='line_1_18' title="bbox 279 2307 1453 2393; baseline 0.001 -23"><span class='ocrx_word' id='word_1_142' title='bbox 279 2327 369 2370; x_wconf 88' lang='lat' dir='ltr'>meae</span> <span class='ocrx_word' id='word_1_143' title='bbox 393 2307 433 2367; x_wconf 93' lang='lat' dir='ltr'>de</span> <span class='ocrx_word' id='word_1_144' title='bbox 456 2308 616 2386; x_wconf 88' lang='lat' dir='ltr'>strophica</span> <span class='ocrx_word' id='word_1_145' title='bbox 631 2307 762 2368; x_wconf 90' lang='lat' dir='ltr'>Diarum</span> <span class='ocrx_word' id='word_1_146' title='bbox 784 2312 1024 2390; x_wconf 88' lang='lat' dir='ltr'>compositione,</span> <span class='ocrx_word' id='word_1_147' title='bbox 1047 2311 1172 2370; x_wconf 89' lang='lat' dir='ltr'>omnino</span> <span class='ocrx_word' id='word_1_148' title='bbox 1193 2308 1372 2393; x_wconf 87' lang='lat' dir='ltr'>negandum</span> <span class='ocrx_word' id='word_1_149' title='bbox 1394 2313 1453 2371; x_wconf 89' lang='lat' dir='ltr'>est.</span> 
     </span>
     <span class='ocr_line' id='line_1_19' title="bbox 280 2405 1455 2490; baseline -0.002 -19"><span class='ocrx_word' id='word_1_150' title='bbox 280 2410 359 2471; x_wconf 89' lang='lat' dir='ltr'>Nam</span> <span class='ocrx_word' id='word_1_151' title='bbox 381 2408 514 2488; x_wconf 90' lang='lat' dir='ltr'>primum</span> <span class='ocrx_word' id='word_1_152' title='bbox 538 2407 643 2467; x_wconf 88' lang='lat' dir='ltr'>obstat</span> <span class='ocrx_word' id='word_1_153' title='bbox 662 2405 724 2468; x_wconf 92' lang='lat' dir='ltr'>loci</span> <span class='ocrx_word' id='word_1_154' title='bbox 747 2427 870 2490; x_wconf 88' lang='lat' dir='ltr'>sensus,</span> <span class='ocrx_word' id='word_1_155' title='bbox 900 2429 993 2489; x_wconf 90' lang='lat' dir='ltr'>quem</span> <span class='ocrx_word' id='word_1_156' title='bbox 1016 2411 1194 2486; x_wconf 91' lang='lat' dir='ltr'>statuimus,</span> <span class='ocrx_word' id='word_1_157' title='bbox 1216 2408 1334 2471; x_wconf 90' lang='lat' dir='ltr'>deinde</span> <span class='ocrx_word' id='word_1_158' title='bbox 1357 2411 1455 2469; x_wconf 88' lang='lat' dir='ltr'>etiam</span> 
     </span>
     <span class='ocr_line' id='line_1_20' title="bbox 280 2505 1455 2592; baseline -0.003 -20"><span class='ocrx_word' id='word_1_159' title='bbox 280 2517 395 2572; x_wconf 86' lang='lat' dir='ltr'>natura</span> <span class='ocrx_word' id='word_1_160' title='bbox 417 2516 450 2569; x_wconf 90' lang='lat' dir='ltr'>et</span> <span class='ocrx_word' id='word_1_161' title='bbox 477 2505 601 2568; x_wconf 88' lang='lat' dir='ltr'>indoles</span> <span class='ocrx_word' id='word_1_162' title='bbox 628 2526 775 2569; x_wconf 88' lang='lat' dir='ltr'>versuum</span> <span class='ocrx_word' id='word_1_163' title='bbox 798 2506 936 2586; x_wconf 82' lang='lat'><strong>34-36,</strong></span> <span class='ocrx_word' id='word_1_164' title='bbox 958 2511 1013 2589; x_wconf 96' lang='lat' dir='ltr'>qui</span> <span class='ocrx_word' id='word_1_165' title='bbox 1034 2509 1188 2571; x_wconf 82' lang='lat' dir='ltr'>catalexin</span> <span class='ocrx_word' id='word_1_166' title='bbox 1212 2509 1361 2592; x_wconf 84' lang='lat' dir='ltr'>strophae</span> <span class='ocrx_word' id='word_1_167' title='bbox 1385 2509 1455 2571; x_wconf 88' lang='lat' dir='ltr'>elii-</span> 
     </span>
     <span class='ocr_line' id='line_1_21' title="bbox 281 2607 700 2672; baseline -0.002 -1"><span class='ocrx_word' id='word_1_168' title='bbox 281 2612 377 2672; x_wconf 88' lang='lat' dir='ltr'>oiunt.</span> <span class='ocrx_word' id='word_1_169' title='bbox 698 2607 700 2610; x_wconf 71' lang='grc'><strong>’</strong></span> 
     </span>
    </p>

    <p class='ocr_par' dir='ltr' id='par_1_3' title="bbox 281 2707 1458 3498">
     <span class='ocr_line' id='line_1_22' title="bbox 366 2707 1457 2796; baseline -0.001 -26"><span class='ocrx_word' id='word_1_170' title='bbox 366 2709 402 2774; x_wconf 88' lang='lat' dir='ltr'>V.</span> <span class='ocrx_word' id='word_1_171' title='bbox 424 2707 466 2771; x_wconf 85' lang='lat'>33</span> <span class='ocrx_word' id='word_1_172' title='bbox 486 2711 607 2771; x_wconf 90' lang='lat' dir='ltr'>babent</span> <span class='ocrx_word' id='word_1_173' title='bbox 628 2712 775 2794; x_wconf 91' lang='lat' dir='ltr'>egregius</span> <span class='ocrx_word' id='word_1_174' title='bbox 791 2712 922 2796; x_wconf 82' lang='lat' dir='ltr'>August,</span> <span class='ocrx_word' id='word_1_175' title='bbox 942 2709 1069 2775; x_wconf 90' lang='lat' dir='ltr'>Vratisl.</span> <span class='ocrx_word' id='word_1_176' title='bbox 1092 2712 1125 2788; x_wconf 90' lang='lat' dir='ltr'>i.,</span> <span class='ocrx_word' id='word_1_177' title='bbox 1143 2712 1297 2796; x_wconf 86' lang='lat' dir='ltr'>Tegerus.</span> <span class='ocrx_word' id='word_1_178' title='bbox 1314 2717 1347 2771; x_wconf 90' lang='lat' dir='ltr'>et</span> <span class='ocrx_word' id='word_1_179' title='bbox 1359 2708 1457 2789; x_wconf 82' lang='lat' dir='ltr'>Wey-</span> 
     </span>
     <span class='ocr_line' id='line_1_23' title="bbox 283 2810 1457 2895; baseline -0.001 -23"><span class='ocrx_word' id='word_1_180' title='bbox 283 2813 386 2874; x_wconf 88' lang='lat' dir='ltr'>henst.</span> <span class='ocrx_word' id='word_1_181' title='bbox 408 2829 535 2892; x_wconf 84' lang='lat' dir='ltr'>regna</span> <span class='ocrx_word' id='word_1_182' title='bbox 551 2830 606 2892; x_wconf 92' lang='lat' dir='ltr'>pro</span> <span class='ocrx_word' id='word_1_183' title='bbox 624 2810 752 2894; x_wconf 88' lang='lat' dir='ltr'>vulgato</span> <span class='ocrx_word' id='word_1_184' title='bbox 777 2812 896 2895; x_wconf 89' lang='lat' dir='ltr'>ligna.</span> <span class='ocrx_word' id='word_1_185' title='bbox 926 2813 1016 2872; x_wconf 87' lang='lat' dir='ltr'>Prius</span> <span class='ocrx_word' id='word_1_186' title='bbox 1034 2815 1095 2873; x_wconf 90' lang='lat' dir='ltr'>iam</span> <span class='ocrx_word' id='word_1_187' title='bbox 1111 2813 1262 2873; x_wconf 84' lang='lat' dir='ltr'>Heinsius</span> <span class='ocrx_word' id='word_1_188' title='bbox 1279 2814 1457 2894; x_wconf 87' lang='lat' dir='ltr'>suspicatus</span> 
     </span>
     <span class='ocr_line' id='line_1_24' title="bbox 283 2911 1458 2992; baseline 0 -20"><span class='ocrx_word' id='word_1_189' title='bbox 283 2918 343 2985; x_wconf 89' lang='lat' dir='ltr'>est,</span> <span class='ocrx_word' id='word_1_190' title='bbox 366 2918 398 2970; x_wconf 88' lang='lat' dir='ltr'>et</span> <span class='ocrx_word' id='word_1_191' title='bbox 420 2929 479 2992; x_wconf 89' lang='lat' dir='ltr'>ego</span> <span class='ocrx_word' id='word_1_192' title='bbox 500 2911 532 2969; x_wconf 94' lang='lat' dir='ltr'>in</span> <span class='ocrx_word' id='word_1_193' title='bbox 555 2916 673 2970; x_wconf 81' lang='lat' dir='ltr'>textum</span> <span class='ocrx_word' id='word_1_194' title='bbox 695 2911 911 2990; x_wconf 88' lang='lat' dir='ltr'>recipiendum</span> <span class='ocrx_word' id='word_1_195' title='bbox 934 2929 1006 2972; x_wconf 89' lang='lat' dir='ltr'>esse</span> <span class='ocrx_word' id='word_1_196' title='bbox 1028 2922 1113 2991; x_wconf 88' lang='lat' dir='ltr'>puto.</span> <span class='ocrx_word' id='word_1_197' title='bbox 1152 2914 1184 2972; x_wconf 93' lang='lat' dir='ltr'>ln</span> <span class='ocrx_word' id='word_1_198' title='bbox 1209 2914 1350 2973; x_wconf 90' lang='lat' dir='ltr'>omnibus</span> <span class='ocrx_word' id='word_1_199' title='bbox 1372 2913 1458 2973; x_wconf 92' lang='lat' dir='ltr'>enim</span> 
     </span>
     <span class='ocr_line' id='line_1_25' title="bbox 281 3009 1457 3093; baseline 0 -21"><span class='ocrx_word' id='word_1_200' title='bbox 281 3011 360 3072; x_wconf 90' lang='lat' dir='ltr'>loeis</span> <span class='ocrx_word' id='word_1_201' title='bbox 391 3028 410 3069; x_wconf 89' lang='lat' dir='ltr'>a</span> <span class='ocrx_word' id='word_1_202' title='bbox 439 3009 560 3069; x_wconf 86' lang='lat' dir='ltr'>Naekio</span> <span class='ocrx_word' id='word_1_203' title='bbox 590 3009 720 3088; x_wconf 88' lang='lat' dir='ltr'>prolatis</span> <span class='ocrx_word' id='word_1_204' title='bbox 755 3009 906 3093; x_wconf 90' lang='lat' dir='ltr'>lignum</span> <span class='ocrx_word' id='word_1_205' title='bbox 943 3030 1098 3089; x_wconf 89' lang='lat' dir='ltr'>nusquam</span> <span class='ocrx_word' id='word_1_206' title='bbox 1128 3011 1319 3074; x_wconf 89' lang='lat' dir='ltr'>adiectivum</span> <span class='ocrx_word' id='word_1_207' title='bbox 1354 3013 1457 3072; x_wconf 88' lang='lat' dir='ltr'>bonae</span> 
     </span>
     <span class='ocr_line' id='line_1_26' title="bbox 282 3108 1458 3194; baseline 0 -24"><span class='ocrx_word' id='word_1_208' title='bbox 282 3109 418 3170; x_wconf 90' lang='lat' dir='ltr'>notionis</span> <span class='ocrx_word' id='word_1_209' title='bbox 440 3108 549 3188; x_wconf 87' lang='lat' dir='ltr'>habet,</span> <span class='ocrx_word' id='word_1_210' title='bbox 580 3118 613 3170; x_wconf 93' lang='lat' dir='ltr'>ut</span> <span class='ocrx_word' id='word_1_211' title='bbox 634 3109 841 3170; x_wconf 88' lang='lat' dir='ltr'>Horatianum</span> <span class='ocrx_word' id='word_1_212' title='bbox 864 3109 943 3170; x_wconf 91' lang='lat' dir='ltr'>illud</span> <span class='ocrx_word' id='word_1_213' title='bbox 965 3119 1020 3186; x_wconf 88' lang='lat' dir='ltr'>„te</span> <span class='ocrx_word' id='word_1_214' title='bbox 1042 3114 1169 3172; x_wconf 89' lang='lat' dir='ltr'>triste</span> <span class='ocrx_word' id='word_1_215' title='bbox 1191 3111 1321 3194; x_wconf 86' lang='lat' dir='ltr'>lignum,</span> <span class='ocrx_word' id='word_1_216' title='bbox 1344 3117 1378 3170; x_wconf 90' lang='lat' dir='ltr'>te</span> <span class='ocrx_word' id='word_1_217' title='bbox 1401 3129 1458 3170; x_wconf 91' lang='lat' dir='ltr'>ca-</span> 
     </span>
     <span class='ocr_line' id='line_1_27' title="bbox 282 3208 1458 3292; baseline 0.002 -22"><span class='ocrx_word' id='word_1_218' title='bbox 282 3209 421 3270; x_wconf 90' lang='lat' dir='ltr'>ducum</span> <span class='ocrx_word' id='word_1_219' title='bbox 444 3215 477 3269; x_wconf 89' lang='lat' dir='ltr'>et</span> <span class='ocrx_word' id='word_1_220' title='bbox 492 3210 600 3292; x_wconf 87' lang='lat' dir='ltr'>fragm.</span> <span class='ocrx_word' id='word_1_221' title='bbox 623 3208 736 3270; x_wconf 90' lang='lat' dir='ltr'>Lucilii</span> <span class='ocrx_word' id='word_1_222' title='bbox 751 3229 801 3291; x_wconf 85' lang='lat' dir='ltr'>ap.</span> <span class='ocrx_word' id='word_1_223' title='bbox 823 3211 957 3272; x_wconf 90' lang='lat' dir='ltr'>Nonium</span> <span class='ocrx_word' id='word_1_224' title='bbox 973 3232 1003 3292; x_wconf 88' lang='lat' dir='ltr'>p.</span> <span class='ocrx_word' id='word_1_225' title='bbox 1020 3209 1071 3288; x_wconf 82' lang='grc'>74,</span> <span class='ocrx_word' id='word_1_226' title='bbox 1085 3209 1142 3274; x_wconf 82' lang='grc' dir='ltr'>2οι</span> <span class='ocrx_word' id='word_1_227' title='bbox 1164 3211 1300 3274; x_wconf 87' lang='lat' dir='ltr'>ardum</span> <span class='ocrx_word' id='word_1_228' title='bbox 1322 3213 1458 3272; x_wconf 86' lang='lat' dir='ltr'>miser·</span> 
     </span>
     <span class='ocr_line' id='line_1_28' title="bbox 282 3308 1457 3394; baseline -0.001 -23"><span class='ocrx_word' id='word_1_229' title='bbox 282 3312 420 3372; x_wconf 84' lang='lat' dir='ltr'>simum</span> <span class='ocrx_word' id='word_1_230' title='bbox 443 3317 539 3388; x_wconf 90' lang='lat' dir='ltr'>atque</span> <span class='ocrx_word' id='word_1_231' title='bbox 560 3309 710 3372; x_wconf 83' lang='lat' dir='ltr'>infelix</span> <span class='ocrx_word' id='word_1_232' title='bbox 732 3308 850 3394; x_wconf 88' lang='lat' dir='ltr'>lignum</span> <span class='ocrx_word' id='word_1_233' title='bbox 874 3314 1055 3374; x_wconf 90' lang='lat' dir='ltr'>sambucum</span> <span class='ocrx_word' id='word_1_234' title='bbox 1077 3321 1198 3377; x_wconf 85' lang='lat' dir='ltr'>vocant.</span> <span class='ocrx_word' id='word_1_235' title='bbox 1236 3313 1294 3373; x_wconf 87' lang='lat' dir='ltr'>His</span> <span class='ocrx_word' id='word_1_236' title='bbox 1316 3311 1395 3373; x_wconf 91' lang='lat' dir='ltr'>locis</span> <span class='ocrx_word' id='word_1_237' title='bbox 1418 3311 1457 3371; x_wconf 89' lang='lat' dir='ltr'>de</span> 
     </span>
     <span class='ocr_line' id='line_1_29' title="bbox 282 3410 1458 3498; baseline -0.001 -25"><span class='ocrx_word' id='word_1_238' title='bbox 282 3410 351 3473; x_wconf 92' lang='lat' dir='ltr'>sola</span> <span class='ocrx_word' id='word_1_239' title='bbox 366 3410 443 3494; x_wconf 92' lang='lat' dir='ltr'>ligni</span> <span class='ocrx_word' id='word_1_240' title='bbox 457 3412 590 3472; x_wconf 91' lang='lat' dir='ltr'>materia</span> <span class='ocrx_word' id='word_1_241' title='bbox 604 3413 718 3495; x_wconf 91' lang='lat' dir='ltr'>agitur,</span> <span class='ocrx_word' id='word_1_242' title='bbox 741 3413 889 3493; x_wconf 90' lang='lat' dir='ltr'>idemque</span> <span class='ocrx_word' id='word_1_243' title='bbox 904 3412 990 3477; x_wconf 84' lang='lat' dir='ltr'>valet</span> <span class='ocrx_word' id='word_1_244' title='bbox 1002 3412 1043 3498; x_wconf 83' lang='lat' dir='ltr'>de</span> <span class='ocrx_word' id='word_1_245' title='bbox 1056 3412 1136 3475; x_wconf 91' lang='lat' dir='ltr'>locis</span> <span class='ocrx_word' id='word_1_246' title='bbox 1148 3413 1233 3496; x_wconf 88' lang='lat' dir='ltr'>Virg.</span> <span class='ocrx_word' id='word_1_247' title='bbox 1249 3416 1285 3477; x_wconf 81' lang='lat' dir='ltr'>A.</span> <span class='ocrx_word' id='word_1_248' title='bbox 1301 3411 1365 3492; x_wconf 84' lang='lat' dir='ltr'>llll,</span> <span class='ocrx_word' id='word_1_249' title='bbox 1380 3410 1458 3475; x_wconf 71' lang='lat'>7672</span> 
     </span>
    </p>
   </div>
   <div class='ocr_carea' id='block_1_2' title="bbox 828 3514 1252 3588">
    <p class='ocr_par' dir='ltr' id='par_1_4' title="bbox 828 3514 1252 3588">
     <span class='ocr_line' id='line_1_30' title="bbox 828 3514 1252 3588; baseline 0.007 -4"><span class='ocrx_word' id='word_1_250' title='bbox 828 3514 922 3586; x_wconf 89' lang='lat' dir='ltr'>loliis</span> <span class='ocrx_word' id='word_1_251' title='bbox 949 3516 1102 3588; x_wconf 86' lang='lat' dir='ltr'>oleaster</span> <span class='ocrx_word' id='word_1_252' title='bbox 1128 3519 1252 3587; x_wconf 88' lang='lat' dir='ltr'>amaris</span> 
     </span>
    </p>
   </div>
   <div class='ocr_carea' id='block_1_3' title="bbox 284 3630 1283 3829">
    <p class='ocr_par' dir='ltr' id='par_1_5' title="bbox 284 3630 1283 3829">
     <span class='ocr_line' id='line_1_31' title="bbox 386 3630 1283 3724; baseline -0.001 -22"><span class='ocrx_word' id='word_1_253' title='bbox 386 3631 442 3702; x_wconf 90' lang='lat' dir='ltr'>hic</span> <span class='ocrx_word' id='word_1_254' title='bbox 469 3633 763 3720; x_wconf 59' lang='lat' dir='ltr'>staurophorus</span> <span class='ocrx_word' id='word_1_255' title='bbox 790 3630 873 3701; x_wconf 92' lang='lat' dir='ltr'>olim</span> <span class='ocrx_word' id='word_1_256' title='bbox 899 3631 1103 3703; x_wconf 88' lang='lat' dir='ltr'>venerabile</span> <span class='ocrx_word' id='word_1_257' title='bbox 1130 3632 1283 3724; x_wconf 81' lang='lat' dir='ltr'>lignum3</span> 
     </span>
     <span class='ocr_line' id='line_1_32' title="bbox 284 3742 645 3829; baseline -0.011 -21"><span class='ocrx_word' id='word_1_258' title='bbox 284 3755 317 3808; x_wconf 88' lang='lat' dir='ltr'>et</span> <span class='ocrx_word' id='word_1_259' title='bbox 341 3745 425 3829; x_wconf 84' lang='lat' dir='ltr'>Virg.</span> <span class='ocrx_word' id='word_1_260' title='bbox 449 3745 485 3808; x_wconf 87' lang='lat' dir='ltr'>G.</span> <span class='ocrx_word' id='word_1_261' title='bbox 509 3743 543 3822; x_wconf 90' lang='lat' dir='ltr'>ll,</span> <span class='ocrx_word' id='word_1_262' title='bbox 568 3742 645 3807; x_wconf 87' lang='lat'>118:</span> 
     </span>
    </p>
   </div>
   <div class='ocr_carea' id='block_1_4' title="bbox 385 3820 1418 3942">
    <p class='ocr_par' dir='ltr' id='par_1_6' title="bbox 385 3820 1418 3942">
     <span class='ocr_line' id='line_1_33' title="bbox 385 3820 1418 3942; baseline 0 -22"><span class='ocrx_word' id='word_1_263' title='bbox 385 3847 476 3935; x_wconf 86' lang='lat' dir='ltr'>Quid</span> <span class='ocrx_word' id='word_1_264' title='bbox 501 3847 564 3920; x_wconf 85' lang='lat' dir='ltr'>tibi</span> <span class='ocrx_word' id='word_1_265' title='bbox 588 3848 732 3920; x_wconf 82' lang='lat' dir='ltr'>odorato</span> <span class='ocrx_word' id='word_1_266' title='bbox 759 3820 909 3920; x_wconf 88' lang='lat' dir='ltr'>referam</span> <span class='ocrx_word' id='word_1_267' title='bbox 935 3846 1092 3922; x_wconf 89' lang='lat' dir='ltr'>sudantia</span> <span class='ocrx_word' id='word_1_268' title='bbox 1118 3848 1215 3942; x_wconf 85' lang='lat' dir='ltr'>ligno</span> <span class='ocrx_word' id='word_1_269' title='bbox 1238 3847 1418 3922; x_wconf 80' lang='lat' dir='ltr'>balsama?</span> 
     </span>
    </p>
   </div>
   <div class='ocr_carea' id='block_1_5' title="bbox 284 3961 1461 4145">
    <p class='ocr_par' dir='ltr' id='par_1_7' title="bbox 284 3961 1461 4145">
     <span class='ocr_line' id='line_1_34' title="bbox 366 3961 1461 4046; baseline 0.001 -24"><span class='ocrx_word' id='word_1_270' title='bbox 366 3963 480 4024; x_wconf 89' lang='lat' dir='ltr'>Nostro</span> <span class='ocrx_word' id='word_1_271' title='bbox 496 3971 601 4024; x_wconf 90' lang='lat' dir='ltr'>autem</span> <span class='ocrx_word' id='word_1_272' title='bbox 623 3961 693 4022; x_wconf 90' lang='lat' dir='ltr'>loca</span> <span class='ocrx_word' id='word_1_273' title='bbox 711 3965 813 4046; x_wconf 90' lang='lat' dir='ltr'>agitur</span> <span class='ocrx_word' id='word_1_274' title='bbox 832 3963 873 4024; x_wconf 91' lang='lat' dir='ltr'>de</span> <span class='ocrx_word' id='word_1_275' title='bbox 896 3963 987 4038; x_wconf 86' lang='lat' dir='ltr'>silva,</span> <span class='ocrx_word' id='word_1_276' title='bbox 1017 3961 1117 4042; x_wconf 90' lang='lat' dir='ltr'>quoad</span> <span class='ocrx_word' id='word_1_277' title='bbox 1140 3983 1179 4024; x_wconf 85' lang='lat' dir='ltr'>ex</span> <span class='ocrx_word' id='word_1_278' title='bbox 1201 3965 1366 4025; x_wconf 89' lang='lat' dir='ltr'>arboribus</span> <span class='ocrx_word' id='word_1_279' title='bbox 1388 3981 1461 4024; x_wconf 88' lang='lat' dir='ltr'>eou-</span> 
     </span>
     <span class='ocr_line' id='line_1_35' title="bbox 284 4059 1461 4145; baseline -0.002 -21"><span class='ocrx_word' id='word_1_280' title='bbox 284 4069 356 4124; x_wconf 87' lang='lat' dir='ltr'>stat.</span> <span class='ocrx_word' id='word_1_281' title='bbox 402 4062 436 4126; x_wconf 87' lang='lat' dir='ltr'>V,</span> <span class='ocrx_word' id='word_1_282' title='bbox 459 4059 501 4125; x_wconf 89' lang='lat'>35</span> <span class='ocrx_word' id='word_1_283' title='bbox 524 4063 716 4145; x_wconf 87' lang='lat' dir='ltr'>Juppiter</span> <span class='ocrx_word' id='word_1_284' title='bbox 737 4081 799 4122; x_wconf 90' lang='lat' dir='ltr'>non</span> <span class='ocrx_word' id='word_1_285' title='bbox 824 4070 874 4123; x_wconf 90' lang='lat' dir='ltr'>est</span> <span class='ocrx_word' id='word_1_286' title='bbox 896 4066 1058 4125; x_wconf 87' lang='lat' dir='ltr'>vocativus</span> <span class='ocrx_word' id='word_1_287' title='bbox 1080 4062 1138 4123; x_wconf 88' lang='lat' dir='ltr'>sed</span> <span class='ocrx_word' id='word_1_288' title='bbox 1160 4065 1348 4140; x_wconf 93' lang='lat' dir='ltr'>subiectum,</span> <span class='ocrx_word' id='word_1_289' title='bbox 1377 4062 1461 4143; x_wconf 89' lang='lat' dir='ltr'>quud</span> 
     </span>
    </p>
   </div>
   <div class='ocr_carea' id='block_1_6' title="bbox 166 4161 1461 4243">
    <p class='ocr_par' dir='ltr' id='par_1_8' title="bbox 166 4161 1461 4243">
     <span class='ocr_line' id='line_1_36' title="bbox 166 4161 1461 4243; baseline 0.002 -19"><span class='ocrx_word' id='word_1_290' title='bbox 166 4185 172 4194; x_wconf 95' lang='lat'>·</span> <span class='ocrx_word' id='word_1_291' title='bbox 284 4161 325 4224; x_wconf 90' lang='lat' dir='ltr'>ad</span> <span class='ocrx_word' id='word_1_292' title='bbox 347 4162 454 4222; x_wconf 91' lang='lat' dir='ltr'>aluit</span> <span class='ocrx_word' id='word_1_293' title='bbox 474 4165 590 4227; x_wconf 86' lang='lat' dir='ltr'>refero.</span> <span class='ocrx_word' id='word_1_294' title='bbox 632 4163 701 4224; x_wconf 91' lang='lat' dir='ltr'>Non</span> <span class='ocrx_word' id='word_1_295' title='bbox 729 4163 767 4224; x_wconf 91' lang='lat' dir='ltr'>iit</span> <span class='ocrx_word' id='word_1_296' title='bbox 787 4163 848 4224; x_wconf 94' lang='lat' dir='ltr'>boc</span> <span class='ocrx_word' id='word_1_297' title='bbox 868 4162 950 4242; x_wconf 91' lang='lat' dir='ltr'>loco,</span> <span class='ocrx_word' id='word_1_298' title='bbox 979 4183 1061 4243; x_wconf 90' lang='lat' dir='ltr'>quae</span> <span class='ocrx_word' id='word_1_299' title='bbox 1083 4164 1196 4227; x_wconf 86' lang='lat' dir='ltr'>Naekii</span> <span class='ocrx_word' id='word_1_300' title='bbox 1220 4166 1379 4226; x_wconf 88' lang='lat' dir='ltr'>sententia</span> <span class='ocrx_word' id='word_1_301' title='bbox 1402 4171 1461 4242; x_wconf 91' lang='lat' dir='ltr'>est,</span> 
     </span>
    </p>
   </div>
   <div class='ocr_carea' id='block_1_7' title="bbox 284 4262 1461 4554">
    <p class='ocr_par' dir='ltr' id='par_1_9' title="bbox 284 4262 1461 4554">
     <span class='ocr_line' id='line_1_37' title="bbox 284 4262 1461 4349; baseline 0.003 -26"><span class='ocrx_word' id='word_1_302' title='bbox 284 4262 477 4344; x_wconf 88' lang='lat' dir='ltr'>apostrophe</span> <span class='ocrx_word' id='word_1_303' title='bbox 501 4263 541 4324; x_wconf 91' lang='lat' dir='ltr'>ad</span> <span class='ocrx_word' id='word_1_304' title='bbox 555 4264 678 4342; x_wconf 80' lang='lat' dir='ltr'>dorem,</span> <span class='ocrx_word' id='word_1_305' title='bbox 700 4262 757 4325; x_wconf 92' lang='lat' dir='ltr'>sed</span> <span class='ocrx_word' id='word_1_306' title='bbox 779 4263 879 4324; x_wconf 87' lang='lat' dir='ltr'>verba</span> <span class='ocrx_word' id='word_1_307' title='bbox 900 4283 1025 4326; x_wconf 89' lang='lat' dir='ltr'>causam</span> <span class='ocrx_word' id='word_1_308' title='bbox 1047 4267 1165 4349; x_wconf 84' lang='lat' dir='ltr'>ignium</span> <span class='ocrx_word' id='word_1_309' title='bbox 1180 4267 1394 4328; x_wconf 89' lang='lat' dir='ltr'>aetheriorum</span> <span class='ocrx_word' id='word_1_310' title='bbox 1415 4268 1461 4327; x_wconf 93' lang='lat' dir='ltr'>in-</span> 
     </span>
     <span class='ocr_line' id='line_1_38' title="bbox 284 4361 1461 4450; baseline 0.004 -29"><span class='ocrx_word' id='word_1_311' title='bbox 284 4361 399 4425; x_wconf 87' lang='lat' dir='ltr'>dicant.</span> <span class='ocrx_word' id='word_1_312' title='bbox 442 4361 588 4445; x_wconf 87' lang='lat' dir='ltr'>Juppiter</span> <span class='ocrx_word' id='word_1_313' title='bbox 617 4368 700 4434; x_wconf 86' lang='lat' dir='ltr'>enim</span> <span class='ocrx_word' id='word_1_314' title='bbox 734 4363 915 4428; x_wconf 87' lang='lat' dir='ltr'>moderator</span> <span class='ocrx_word' id='word_1_315' title='bbox 942 4372 976 4427; x_wconf 89' lang='lat' dir='ltr'>ct</span> <span class='ocrx_word' id='word_1_316' title='bbox 1006 4373 1111 4428; x_wconf 89' lang='lat' dir='ltr'>rector</span> <span class='ocrx_word' id='word_1_317' title='bbox 1142 4374 1371 4450; x_wconf 90' lang='lat' dir='ltr'>tempestatum</span> <span class='ocrx_word' id='word_1_318' title='bbox 1402 4375 1461 4442; x_wconf 58' lang='lat' dir='ltr'>est,</span> 
     </span>
     <span class='ocr_line' id='line_1_39' title="bbox 284 4459 1461 4554; baseline 0.003 -32"><span class='ocrx_word' id='word_1_319' title='bbox 284 4463 346 4540; x_wconf 77' lang='lat' dir='ltr'>Qui</span> <span class='ocrx_word' id='word_1_320' title='bbox 368 4481 462 4544; x_wconf 89' lang='lat' dir='ltr'>quum</span> <span class='ocrx_word' id='word_1_321' title='bbox 485 4462 597 4527; x_wconf 85' lang='lat' dir='ltr'>silvam</span> <span class='ocrx_word' id='word_1_322' title='bbox 619 4459 745 4548; x_wconf 80' lang='lat' dir='ltr'>aluerit,</span> <span class='ocrx_word' id='word_1_323' title='bbox 773 4465 860 4529; x_wconf 89' lang='lat' dir='ltr'>solus</span> <span class='ocrx_word' id='word_1_324' title='bbox 884 4466 1020 4531; x_wconf 90' lang='lat' dir='ltr'>eundem</span> <span class='ocrx_word' id='word_1_325' title='bbox 1041 4470 1170 4554; x_wconf 90' lang='lat' dir='ltr'>ignibus</span> <span class='ocrx_word' id='word_1_326' title='bbox 1187 4469 1353 4548; x_wconf 87' lang='lat' dir='ltr'>aetheriis,</span> <span class='ocrx_word' id='word_1_327' title='bbox 1382 4484 1461 4547; x_wconf 90' lang='lat' dir='ltr'>quos</span> 
     </span>
    </p>
   </div>
   <div class='ocr_carea' id='block_1_8' title="bbox 0 0 1763 4967">
    <p class='ocr_par' dir='ltr' id='par_1_10' title="bbox 0 0 1763 4967">
     <span class='ocr_line' id='line_1_40' title="bbox 0 0 1763 4967; baseline 0 0"><span class='ocrx_word' id='word_1_328' title='bbox 0 0 1763 4967; x_wconf 95' lang='lat' dir='ltr'> </span> 
     </span>
    </p>
   </div>
  </div>
 </body>
</html>
