3484 4967
811 447 851 510 ta

408 619 497 680 llaec
519 624 594 702 agat
615 617 731 678 infesto
754 616 920 697 Neptunus
944 630 1039 678 caeca
1060 615 1201 692 tridenti,

409 726 510 780 atrum
533 726 721 782 convertens
744 726 866 780 aestuum
890 719 986 778 maris
1009 716 1148 796 undique
1172 720 1275 781 ventis

410 828 443 880 et
464 821 586 882 furscum
610 821 748 880 cinerem
771 820 859 880 canis
884 819 1051 880 exhauriat
1073 817 1181 880 uatis:
1266 817 1307 884 75
1350 819 1421 904 (60)

410 917 552 980 dicantur
574 937 644 980 mea
665 938 740 980 rura
762 919 862 980 lerum
886 937 984 993 mare,
1005 927 1105 981 nauta
1126 929 1238 982 rareto

409 1037 495 1097 rura,
518 1019 632 1098 quibus
654 1016 739 1079 diras
762 1017 940 1080 indiximus'
963 1020 1061 1100 impia
1084 1028 1166 1099 vata.

326 1174 463 1236 Tristius
485 1171 556 1248 huc,
579 1171 718 1246 memini,
740 1172 910 1245 revocasti,
931 1171 1071 1243 Battara
1094 1189 1229 1233 carmen.

411 1325 445 1384 Si
470 1325 571 1384 miuus
593 1323 686 1397 haec,
710 1323 866 1406 Neptune,
889 1330 959 1385 tuas
980 1322 1172 1415 infundimus
1193 1327 1290 1405 auris,

410 1425 549 1498 Battara,
571 1421 749 1484 fluminibus
772 1430 807 1485 tu
829 1433 953 1486 nastros
976 1424 1068 1485 trade
1091 1423 1234 1489 dolores:
1379 1425 1423 1488 80

410 1543 480 1588 nam
502 1525 559 1586 tibi
582 1523 791 1600 santientes,
813 1526 871 1586 tibi
895 1544 1018 1607 semper
1040 1526 1169 1586 flumina
1190 1527 1297 1588 amica.
1352 1522 1423 1609 (65)

324 1677 453 1740 Dulcius
474 1678 545 1753 lroc,
566 1677 695 1752 nemini,
718 1678 888 1750 revocasti,
909 1677 1050 1751 Battara,
1072 1695 1207 1739 carmen.

409 1811 544 1889 Flectite
568 1829 723 1890 currentis
745 1825 903 1909 lymphas,
927 1845 1007 1910 vaga
1028 1826 1168 1904 flumina,
1191 1834 1288 1905 retro,

408 1927 529 1987 flectite
552 1935 586 1988 et
606 1927 752 1992 adversis
772 1946 895 1990 rursum
918 1925 1086 1988 diffundite
1108 1931 1238 2010 campis,

408 2029 572 2090 incurrant
593 2045 701 2090 amnes
723 2029 841 2107 passim
864 2029 1051 2101 rimantibus
1074 2027 1181 2090 undis:
1380 2026 1424 2090 85

350 2208 355 2215 ’
409 2246 469 2289 nec
491 2232 616 2288 nostros
640 2227 726 2288 exire
749 2227 852 2286 sinant
874 2228 1035 2290 erroribus
1058 2247 1159 2312 agras.
1353 2228 1423 2314 (70)

325 2381 461 2442 Tristius
482 2377 553 2454 hoc,
576 2379 714 2457 memini,
737 2379 908 2453 revocasti,
930 2379 1070 2457 Battara,
1093 2399 1228 2444 carmen.

407 2510 460 2571 Nil
474 2518 524 2573 est
539 2509 622 2591 quod
637 2509 768 2593 perdam
784 2509 930 2588 ulterius,
945 2515 1060 2574 merita
1074 2515 1178 2575 amnia
1194 2513 1273 2575 Ditis
1352 2511 1423 2597 (66)

325 2861 453 2925 Dulcius
475 2862 546 2936 hoc,
568 2862 708 2940 memini,
730 2863 901 2941 revocasti,
924 2862 1062 2938 Battara,
1086 2880 1221 2925 carmen.

409 3013 569 3072 Emanent
591 3014 694 3075 subito
718 3015 804 3075 sicca
826 3011 943 3109 tellure
965 3011 1111 3094 paludes,

409 3117 442 3171 et
463 3119 562 3173 metat
583 3113 635 3174 lric
657 3115 781 3190 iuncus,
803 3115 908 3193 spicas
930 3115 984 3174 nbi
1005 3112 1141 3195 legimus
1165 3109 1249 3172 alim.

408 3208 571 3271 conchula
593 3216 626 3270 et
648 3214 750 3294 arguti
776 3211 862 3293 grilll
886 3231 965 3274 cava
986 3210 1115 3294 garrula
1136 3228 1213 3272 rana
1380 3205 1422 3269 95

324 3540 462 3606 Tristius
484 3541 545 3602 hoc
565 3561 690 3605 rursum
713 3541 791 3603 dixit
813 3559 886 3603 mea
906 3539 1014 3602 fistula
1035 3511 1191 3606 carmen.¹
1258 3575 1262 3579 ·
1353 3536 1422 3623 (75)

408 3675 626 3756 Praecipitant
648 3675 722 3739 altis
744 3677 903 3738 fumantes
926 3675 1084 3737 montibus
1105 3675 1222 3737 imbres

409 3780 442 3835 et
462 3774 529 3838 late
550 3783 682 3838 teneant
703 3774 818 3837 diffuso
843 3775 968 3859 gurgite
990 3792 1128 3855 campus,
1360 3770 1422 3835 100

407 3876 460 3954 qui
483 3875 618 3940 dominis
640 3877 761 3938 infesta
782 3876 942 3937 minantes
965 3879 1076 3957 stagna
1095 3871 1289 3954 relinquant,

407 3972 493 4035 unde
516 3974 625 4058 elapsa
646 3994 733 4038 meos
757 3993 849 4060 agros
870 3975 1059 4055 pervenerit
1079 3971 1182 4034 unda:

408 4076 547 4154 piscetur
568 4078 686 4138 nostris
707 4079 740 4137 in
763 4076 878 4135 linibus
900 4073 1024 4136 advena
1046 4080 1165 4151 arator,
1352 4069 1421 4156 (80)

409 4170 545 4253 aduena,
567 4171 653 4237 civili
676 4176 729 4255 qui
751 4193 878 4255 semper
902 4175 1033 4236 crimine
1054 4175 1164 4236 crevit.

325 4322 461 4387 Tristius
482 4326 545 4390 hoc
564 4348 689 4394 rursum
710 4327 788 4390 dixit
808 4347 880 4389 mea
900 4325 1010 4389 fistula
1031 4343 1166 4390 carmen.
1358 4319 1419 4384 105
