3484 4967
351 1249 489 1314 Battare,
511 1259 642 1321 cycneas
665 1248 847 1321 repetamus
871 1241 1007 1301 carmine
1030 1252 1139 1298 voces:

435 1344 552 1404 divisas
574 1343 686 1402 iterum
709 1341 803 1402 sedes
826 1350 858 1401 ct
880 1360 955 1402 rura
975 1351 1135 1405 canamus,

434 1459 520 1516 rura,
544 1440 656 1518 quibus
679 1439 764 1501 dirus
786 1442 817 1501 in
841 1440 986 1516 diximus,
1007 1437 1104 1518 impia
1125 1436 1209 1492 vata.

434 1579 516 1638 Ante
540 1577 631 1654 iupus
653 1577 779 1656 rapient
800 1575 907 1649 haedi,
928 1572 1022 1635 vituii
1043 1577 1119 1632 ante
1140 1562 1264 1633 leones,

365 1689 369 1698 ’
434 1673 577 1755 delphini
597 1675 721 1756 fugient
741 1676 859 1754 pisces,
880 1673 1007 1754 aquilae
1030 1679 1106 1732 ante
1126 1669 1286 1770 columbus
1418 1671 1444 1733 5

434 1783 468 1838 et
490 1791 644 1834 conversa
663 1781 749 1834 retro
770 1791 876 1833 rerum
898 1768 1055 1832 discordia
1075 1767 1191 1854 gliscet

432 1874 530 1936 multe
551 1875 650 1954 prins,
670 1874 768 1934 fuerit
790 1893 883 1953 quam
905 1891 967 1932 non
989 1889 1061 1932 mea
1081 1869 1184 1934 libera
1206 1890 1317 1935 avena.

349 2009 489 2080 liuttere,
510 2025 643 2085 cycneas
665 2014 847 2087 repetamus
870 2004 1009 2065 carmine
1032 2021 1134 2068 vacca.

433 2139 592 2200 Montibus
616 2144 649 2200 et
670 2135 758 2228 silvis
781 2136 883 2222 dicam
905 2143 959 2198 tua
980 2137 1060 2213 fata,
1081 2137 1237 2224 Lycurgez

433 2239 533 2320 lmpia
554 2239 738 2304 Trinacriae
760 2235 963 2299 sterilescunt
983 2235 1099 2320 gaudia
1121 2241 1223 2316 vobis,
1399 2236 1441 2299 10
1563 2256 1567 2265 ·

356 2379 359 2385 -
431 2357 491 2400 nee
511 2338 649 2400 fecunda
670 2339 756 2399 senis
777 2337 888 2416 nostri,
910 2337 1018 2399 felicia
1037 2358 1123 2414 rura,
1370 2334 1440 2422 (10)

432 2440 553 2501 semina
573 2440 751 2520 parturiant
773 2444 912 2523 segetes,
933 2457 997 2501 nun
1016 2456 1134 2520 pascue
1155 2436 1265 2513 colles,

430 2559 493 2600 nan
516 2540 644 2599 arbusta
664 2555 763 2600 novas
783 2537 903 2621 fruges,
923 2558 986 2600 non
1007 2539 1176 2620 pampinus
1198 2555 1286 2615 uvas,

431 2640 522 2719 ipsae
545 2655 606 2697 nan
629 2635 731 2697 silvae
753 2634 893 2712 frondes,
915 2656 978 2696 non
998 2637 1128 2699 flumina
1149 2643 1279 2699 mantes.

349 2756 469 2817 Rursus
492 2761 525 2814 et
546 2754 607 2813 hac
629 2755 742 2816 iterum
764 2759 959 2834 repetamus,
980 2753 1122 2833 Battare,
1144 2771 1279 2817 carmen.
1397 2751 1440 2814 15
1550 2751 1555 2762 '

340 2877 344 2884 '
434 2869 557 2932 Itiffetas
579 2869 706 2931 Cereris
728 2867 825 2930 sulcis
847 2868 992 2932 condetis
1012 2890 1143 2946 avenas,
1369 2867 1439 2954 (15)
1567 2944 1570 2961 Ι

432 2968 553 3051 pallida
574 2970 749 3035 flavescant
770 2976 861 3031 aestu
884 2972 1024 3032 sitientia
1045 2978 1148 3052 prata,

432 3073 597 3132 immatura
619 3068 733 3132 cadant
753 3071 848 3131 ramis
868 3069 1044 3152 pendentia
1064 3069 1159 3148 mala,

360 3189 363 3194 ·
432 3168 537 3230 desint
559 3177 591 3230 et
613 3169 702 3230 silvis
724 3167 854 3230 frondes
878 3176 911 3231 et
931 3171 1071 3232 fontibus
1087 3172 1216 3246 vhumer,
1303 3172 1306 3176 ’

433 3286 494 3328 nec
515 3267 599 3328 desit
620 3268 738 3327 nostris
760 3267 910 3328 devotum
931 3287 1060 3352 germen
1083 3271 1204 3332 avenis.

349 3385 467 3446 Rursus
490 3392 524 3444 et
544 3384 604 3445 hac
625 3385 739 3445 iterum
762 3390 955 3464 repetamus,
976 3383 1117 3464 Battara,
1139 3403 1273 3471 carmen.

430 3500 501 3561 Heu
525 3499 659 3560 Veneris
682 3501 768 3561 vario
790 3499 940 3562 florentia
960 3507 1047 3562 serta
1068 3500 1196 3579 decore,

431 3617 590 3682 purpurea
613 3618 739 3681 campas
761 3618 842 3680 quae
864 3601 998 3685 pingunt
1019 3620 1119 3666 verna
1139 3601 1263 3666 colarei

431 3701 514 3762 Hinc
536 3718 634 3762 aurae
656 3697 777 3778 dulces,
797 3701 874 3763 hinc
895 3703 1002 3764 suavis
1023 3701 1155 3783 spiritns
1177 3703 1249 3788 agri
1374 3724 1379 3734 ·

432 3808 552 3862 mutent
573 3798 746 3880 pestiferos
767 3807 876 3862 aestus
899 3807 933 3862 et
953 3808 1038 3864 tetre
1058 3820 1201 3864 venena:

431 3899 542 3963 Dulcia
563 3919 625 3961 non
648 3901 747 3963 aculis
768 3921 831 3963 nun
854 3903 983 3964 naribus
1005 3901 1071 3964 ulla
1092 3903 1243 3964 ferantur.

349 4017 469 4078 Rursus
492 4023 526 4078 et
545 4016 607 4077 hcc
627 4018 743 4078 iterum
764 4025 956 4099 repetamus,
978 4018 1118 4096 Battare,
1139 4034 1274 4081 carmen.

412 4130 548 4214 (Desunt
568 4130 677 4193 decem
701 4149 823 4208 verna,
845 4153 975 4213 quornm
996 4116 1139 4214 reliquus
1160 4155 1189 4197 v.
1211 4130 1271 4194 30:

433 4231 500 4292 Nec
521 4232 598 4293 mihi
620 4249 719 4312 saepe
740 4249 842 4292 meum
864 4233 1035 4307 resonabit,
1056 4234 1198 4310 Battare,
1219 4228 1371 4315 carmen.)

349 4358 402 4419 Sic
422 4376 536 4439 precor
558 4370 592 4423 et
612 4363 728 4423 nustria
750 4367 904 4445 superent
923 4361 1006 4423 haec
1026 4364 1164 4432 carmina
1183 4368 1277 4430 actis.
1369 4359 1439 4446 (25)
