3484 4967
862 542 905 607 30

298 711 381 774 idem
403 712 495 796 regit,
519 707 629 772 delere
651 715 768 792 potest.
811 715 905 776 'ribi
931 732 994 774 non
1023 711 1130 772 reiero
1158 709 1199 771 ad
1219 709 1331 772 lovem
1352 708 1412 772 sed
1434 710 1477 772 ad
1568 717 1570 726 '

299 817 492 897 Lyaslrgumt
526 809 615 872 Silva
644 813 714 892 ilbi,
746 815 900 901 Lycurge,
927 816 1007 876 cinis
1035 813 1092 872 liat
1119 819 1254 893 oportet.
1302 811 1362 871 list
1389 813 1476 873 enim

298 916 397 978 nostri
419 918 535 994 poetae
556 913 726 991 proprium,
749 922 783 977 ut
804 919 836 977 in
858 917 923 977 fine
945 913 1143 995 stropharum
1159 911 1322 973 interdum
1340 909 1381 972 ad
1402 931 1478 992 per-

298 1031 407 1076 sonam
430 1009 569 1090 aliquam
600 1030 673 1073 sese
694 1025 867 1080 convertat.
911 1015 960 1078 Gi.
983 1036 1012 1078 v.
1034 1011 1071 1075 8:
1098 1012 1199 1074 dicam
1221 1021 1276 1073 tue
1302 1013 1384 1089 fate,
1413 1013 1474 1093 Ly·
1568 1020 1570 1081 ζ

297 1131 407 1198 curge3
431 1131 458 1174 v.
481 1107 517 1172 9:
539 1110 742 1176 sterilescant
763 1117 880 1199 gaudia
901 1116 1008 1195 vobis3
1032 1134 1059 1177 v.
1082 1110 1141 1175 15:
1162 1111 1258 1174 sulcis
1279 1111 1432 1174 condetis.

381 1215 417 1277 V.
439 1211 490 1276 37.
518 1211 692 1288 „Consistit
711 1225 808 1295 poeta
829 1220 860 1278 in
884 1214 1152 1295 contemplatione
1173 1215 1386 1294 tempestatis,
1414 1231 1474 1294 per

298 1335 389 1396 quiam
412 1315 519 1395 perire
541 1311 624 1374 silva
644 1313 772 1392 debeat,
794 1325 828 1379 et
850 1316 913 1378 alia
933 1316 1030 1377 affert
1051 1333 1089 1374 er
1110 1321 1225 1375 nature
1246 1332 1361 1389 rerum,
1390 1331 1474 1391 quae

298 1427 361 1480 tum
384 1414 453 1480 vult
473 1411 626 1476 accidere.
670 1415 780 1496 ltaque
804 1425 917 1480 ventos
947 1423 1038 1480 vocat
1058 1417 1091 1476 in
1114 1416 1300 1476 societatem
1322 1412 1473 1476 incendii.

297 1515 450 1598 intelligit
472 1517 576 1574 autem
601 1522 722 1592 ventos,
750 1537 811 1578 non
834 1520 889 1596 qul
911 1515 1109 1598 praecedunt
1135 1513 1270 1576 fulmina
1293 1518 1388 1594 lovis,
1415 1514 1474 1577 sed

296 1619 450 1689 iurentes,
478 1613 550 1676 dum
576 1616 667 1678 ardet
694 1616 784 1679 silva.
827 1615 908 1679 Nam
936 1618 1083 1678 versibus
1103 1613 1154 1690 40,
1176 1612 1217 1675 41
1245 1635 1308 1676 non
1337 1618 1473 1696 primum

295 1716 440 1780 incidens
467 1712 598 1794 fulmen,
634 1717 819 1796 initiumque
846 1716 996 1792 incendii,
1031 1715 1088 1777 sed
1113 1717 1214 1797 ipsum
1243 1717 1306 1777 iam
1335 1715 1473 1800 gliscens

294 1818 389 1902 longe
416 1813 546 1893 lateque
581 1818 704 1880 iteratis
739 1816 925 1878 fulminibus
958 1816 1137 1877 incendium
1165 1814 1267 1878 silvae
1296 1817 1468 1900 significari

295 1926 393 2002 patet.
436 1918 534 2000 igitur
556 1924 666 1978 ventos
689 1925 921 1995 commemorat,
942 1920 1056 1999 partim
1072 1919 1147 1996 quia
1160 1915 1473 2000 augentinrendium

296 2019 393 2092 venti,
421 2017 536 2096 partim
566 2024 601 2078 ut
634 2019 750 2100 ignem,
786 2017 1038 2079 disturbatum
1028 2021 1152 2082 insania
1187 2029 1352 2080 ventorum
1386 2036 1472 2094 aera,

295 2117 462 2204 caliginem
485 2135 504 2180 a
528 2117 662 2178 nubibus
684 2135 781 2197 super
800 2117 1058 2199 impendentibus
1078 2121 1110 2179 in
1127 2137 1220 2180 unam
1235 2114 1472 2178 formidolosam

295 2223 462 2302 coniungat
484 2218 683 2301 imaginem.“
726 2217 873 2282 ΝΑΕΚΕ.

379 2319 415 2383 V.
435 2317 486 2383 41.
508 2318 599 2380 llunc
622 2337 746 2382 versum
769 2317 905 2382 nondum
928 2317 1127 2381 emendatum
1150 2336 1224 2379 esse
1244 2325 1334 2398 puto,
1364 2334 1472 2396 quam-
1568 2345 1570 2387 ;

295 2439 388 2502 quam
416 2437 479 2482 non
507 2421 621 2496 babeo,
659 2438 739 2499 quae
769 2417 809 2481 ad
839 2438 911 2482 eum
941 2417 1170 2481 emendandum
1198 2417 1308 2479 iacere
1340 2417 1470 2498 possint.
1530 2435 1534 2443 ’
1568 2432 1570 2440 ’

294 2523 328 2582 lo
351 2537 492 2598 eaquae
515 2522 656 2599 sequitur
678 2521 810 2603 stropha
838 2529 936 2602 poeta
964 2517 1088 2581 asilva
1109 2517 1149 2578 ad
1171 2519 1255 2581 rites
1276 2526 1310 2580 ct
1329 2523 1471 2600 segetes,
1568 2606 1570 2615 Ξ

294 2639 376 2701 quae
397 2619 499 2680 silvae
521 2621 645 2680 vicinae
669 2629 770 2697 erant,
793 2619 994 2684 devovendas
1017 2621 1138 2682 transit.

379 2719 415 2784 V.
436 2715 487 2781 43.
517 2718 701 2783 Lectionem
723 2739 849 2780 aurae
878 2720 1065 2800 optimorum
1092 2718 1235 2782 codicum
1265 2725 1298 2780 et
1324 2724 1470 2782 veterum

295 2819 469 2884 editionum
498 2820 635 2882 ornniunr
667 2818 867 2882 retinendam
899 2837 972 2880 esse
1001 2820 1121 2894 censui,
1156 2817 1239 2898 quod
1268 2835 1382 2880 ιιιιιιιι
1408 2815 1471 2878 loci

294 2923 482 3002 scripturam
505 2939 641 2982 aurae
668 2917 832 3001 plerisque
854 2927 1013 3000 receptam
1034 2921 1161 2980 minime
1177 2917 1325 3000 postulat.
1357 2920 1472 2996 Quem·
1568 2936 1570 3011 ξ

294 3020 460 3086 admodum
477 3023 560 3082 enim
576 3029 738 3102 poetaper
751 3022 1014 3102 prosopopoeiam
1026 3019 1306 3096 dorsumdurum,
1320 3020 1470 3098 Africum,

292 3123 443 3196 flammas,
466 3119 610 3182 ardorem
632 3137 784 3200 personas
805 3123 905 3197 linxit,
927 3123 975 3181 ita
996 3121 1090 3180 etiam
1106 3137 1209 3180 auras.
1244 3119 1279 3180 Si
1301 3127 1471 3204 segetes

292 3223 465 3284 nomin.est
479 3219 518 3280 ad
533 3227 757 3299 pascantur
768 3219 969 3297 referendus,
983 3219 1099 3281 dictum
1113 3238 1176 3280 non
1191 3228 1251 3297 est,
1266 3239 1286 3281 a
1299 3239 1361 3300 quo
1376 3239 1473 3304 sege-

292 3331 342 3384 tes
364 3321 451 3402 pasci
474 3318 620 3381 debeant.
663 3316 850 3395 Aequalitas
872 3323 968 3402 igitur
989 3321 1218 3382 sententiarum
1239 3319 1402 3402 postulare
1425 3323 1473 3382 ιι·-

292 3423 396 3496 detur,
418 3429 452 3482 ut
473 3437 596 3482 aurae
611 3418 782 3482 scribatur:
806 3419 937 3481 Vicinae
951 3421 1098 3483 flammae
1113 3424 1243 3504 repient
1256 3423 1351 3498 viter,
1372 3439 1472 3482 arsrae

182 3551 183 3555 ι
290 3527 460 3603 pascantur
475 3525 613 3602 segetes,
635 3518 729 3580 ardor
744 3518 921 3583 transvolet
936 3531 969 3581 et
983 3524 1151 3607 coniungat
1166 3525 1281 3584 aristas
1296 3522 1472 3583 arboribus.

497 3623 614 3684 nomin.
636 3620 834 3700 flammae,
856 3641 989 3700 aurae,
1012 3622 1143 3700 ardor,

494 3739 597 3784 accus.
634 3722 752 3798 vites,
774 3730 954 3807 segetes,
976 3725 1142 3799 aristas,

496 3821 606 3905 praed.
633 3823 806 3904 rapiant,
827 3831 1059 3904 pascantur,
1078 3830 1209 3884 trans·
1236 3897 1240 3902 Α

629 3921 745 3984 volet
766 3932 800 3985 et
821 3924 1050 4006 coniungat.

374 4024 411 4089 V.
432 4022 483 4088 52.
506 4021 574 4084 Non
598 4029 648 4086 est
670 4041 777 4100 causa,
804 4042 859 4084 cur
881 4041 900 4083 a
923 4023 1081 4103 scriptura
1108 4023 1296 4103 optimorum
1318 4019 1471 4082 librorum

290 4123 502 4186 Vulcanus
525 4122 695 4186 discedam.

375 4223 411 4286 V.
432 4219 561 4287 55-57
585 4230 657 4286 sunt
678 4219 816 4304 pruodus
838 4222 1002 4302 sequentis
1025 4219 1186 4300 strophae.

373 4319 409 4384 V.
431 4321 472 4384 58
496 4342 604 4384 omnes
628 4319 754 4384 codices
775 4328 905 4401 praeter
926 4320 1024 4382 l’aris.
1041 4319 1080 4379 lV
1100 4318 1212 4404 legunt
1231 4320 1390 4381 infesta
1410 4339 1470 4401 pro

288 4421 448 4484 infesto.
471 4421 545 4486 coe.
571 4420 698 4485 Vratisl.
721 4417 732 4479 l
755 4420 918 4481 infessa
944 4417 1028 4500 quod
1055 4418 1192 4481 fortasse
1214 4420 1385 4504 genuinum
1408 4426 1470 4483 est.

289 4509 421 4580 Senum
444 4526 532 4581 certe
554 4524 612 4583 toti
635 4521 781 4581 carminis
805 4519 937 4580 consilio
960 4519 1110 4599 optimum
1131 4520 1273 4599 praebet.

1568 1150 1570 1207 l

1565 1777 1570 1945 i
