3484 4967
457 1013 520 1121 De
545 1052 752 1123 Dirarum
779 1054 1117 1146 compositione
1143 1052 1382 1146 stropbiea

750 1172 1084 1243 commentatio.

329 1264 451 1398 Quum
486 1307 582 1395 primo
619 1315 710 1378 Diras
746 1319 924 1378 accuratius
953 1291 1141 1389 tractarem,
1172 1291 1242 1374 mor
1274 1314 1502 1399 intelligebam,

329 1434 441 1478 versus
464 1411 525 1476 102
546 1420 580 1475 et
603 1413 680 1477 103:

381 1517 546 1604 Quamvis
573 1519 665 1609 ignis
692 1518 775 1609 eris,
803 1519 959 1611 quamvis
987 1539 1086 1611 aqua,
1114 1539 1253 1611 semper
1278 1517 1418 1590 amabo:

381 1632 513 1704 Gaudia
539 1655 679 1728 semper
705 1637 795 1706 enim
823 1645 880 1706 tua
906 1655 962 1705 me
989 1637 1188 1707 meminisse
1213 1633 1345 1726 lioebit,

329 1766 367 1806 eo
391 1767 452 1826 quo
475 1766 555 1809 nune
576 1747 726 1832 leguntur
746 1748 816 1809 loeo
839 1747 954 1808 urrllam
978 1752 1124 1810 carminis
1146 1759 1280 1810 natiuae
1302 1759 1407 1828 aptum
1430 1767 1502 1808 sen·

327 1848 458 1907 tentiam
479 1847 647 1928 praebere,
668 1847 773 1910 sedin
789 1848 886 1910 allum
902 1847 1003 1910 locum
1025 1848 1264 1909 transferendos
1278 1867 1360 1913 esse.
1392 1849 1436 1908 Ut
1457 1850 1503 1908 ita

328 1947 511 2028 cogitarem,
532 1949 699 2008 commovit
720 1965 771 2008 me
786 1947 935 2022 Nautius,
957 1950 1010 2027 qui
1032 1967 1065 2028 p,
1079 1947 1139 2010 138
1161 1953 1243 2010 haec
1266 1951 1388 2010 scribit:
1411 1948 1501 2023 „Non

328 2042 466 2107 alienum
488 2053 538 2107 est
559 2047 711 2108 usitatum
732 2049 835 2128 poetis
856 2046 965 2109 latinis
989 2051 1181 2129 quiequid
1203 2053 1279 2111 ero.
1315 2047 1379 2108 Sed
1394 2055 1500 2107 tamen

327 2145 387 2205 boo
416 2143 456 2207 de
484 2145 612 2206 bomine
640 2147 672 2217 in
702 2144 861 2210 elemento
893 2150 1000 2231 ignis
1038 2155 1071 2208 et
1108 2169 1237 2229 uqrrae
1267 2157 1340 2229 post
1367 2155 1501 2206 mortem

328 2243 532 2308 dissolvendo
561 2265 624 2307 non
654 2248 781 2308 memini
810 2265 860 2307 me
883 2246 994 2330 legere
1017 2247 1125 2311 olibi‚⁶‘
1168 2250 1215 2310 sd
1238 2251 1298 2308 boo
1319 2245 1502 2317 accedebat,

327 2339 414 2425 qnod
433 2364 462 2408 v.
485 2341 547 2406 102
568 2344 682 2421 „deest
701 2349 735 2407 in
756 2344 916 2407 codicibus
939 2346 1045 2420 basil,
1067 2346 1155 2407 Voss.
1179 2351 1224 2425 ΙΙ.,
1248 2346 1374 2409 Vrotisl.
1398 2348 1445 2423 ΙΙ.,
1468 2349 1500 2407 in

325 2443 468 2504 Romana
490 2451 633 2523 utraque,
663 2454 696 2508 et
717 2447 749 2506 in
771 2447 855 2506 omni
881 2445 963 2506 libro
992 2447 1221 2524 antiquissimo,
1251 2454 1380 2526 praeter
1408 2465 1501 2508 unam

325 2543 550 2620 Mutinensem,
572 2545 603 2605 ln
625 2564 688 2626 quo
708 2545 765 2607 ille
785 2546 846 2607 boo
868 2565 925 2607 suo
944 2543 1175 2628 loeolegiturf‘
1208 2547 1269 2607 iam
1286 2547 1413 2608 dubium
1428 2567 1501 2608 erse

326 2663 388 2706 non
415 2649 532 2724 potest,
566 2664 628 2724 quo
657 2645 705 2708 illi
734 2665 846 2708 versus
874 2645 944 2707 loeo
977 2645 1114 2729 ponendi
1145 2648 1219 2721 sint,
1252 2648 1279 2707 si
1312 2650 1501 2708 sententiam

326 2765 435 2807 eorum
457 2765 525 2807 eum
548 2748 706 2808 sententia
729 2748 827 2808 totius
848 2748 997 2809 carminis
1019 2765 1244 2827 comparamus.
1284 2748 1385 2809 Poeta
1407 2750 1501 2823 enim,

326 2851 468 2929 utrisquis
489 2848 545 2910 ille
569 2856 628 2923 est,
657 2867 765 2930 agrum
794 2867 883 2908 suum
913 2848 977 2930 igni
1001 2853 1034 2906 et
1056 2864 1139 2924 aqna
1166 2846 1313 2922 devovet,
1342 2850 1445 2932 ignem
1467 2855 1501 2908 et

325 2969 439 3029 aquam
468 2947 508 3011 ad
536 2965 607 3008 eum
637 2945 865 3008 devastandum
899 2954 932 3008 et
964 2944 1172 3024 diripiendum
1205 2954 1364 3025 provocat.
1412 2946 1501 3007 Nihil

325 3051 423 3134 igitur
444 3051 511 3112 veri
533 3046 667 3110 similius
690 3056 749 3123 est,
778 3065 869 3126 quom
892 3049 1016 3128 potitam
1049 3065 1076 3107 v.
1100 3041 1162 3104 102
1184 3054 1217 3104 et
1240 3043 1301 3107 103
1329 3046 1370 3105 ad
1391 3066 1499 3130 agrurn

326 3168 398 3211 sese
421 3151 628 3224 convertisse,
650 3151 699 3210 eui
723 3145 795 3209 vale
818 3145 959 3208 dicturos
982 3149 1077 3207 esset.
1121 3142 1270 3206 Videmus
1293 3167 1404 3207 versus
1426 3147 1499 3208 illos

326 3269 394 3310 eum
415 3251 513 3311 totius
535 3250 681 3310 carminis
697 3247 856 3308 sententia
872 3247 990 3327 optime
1007 3241 1173 3323 quadrare.
1208 3243 1287 3306 Vale
1303 3245 1377 3306 dicit
1393 3257 1498 3308 autern
1546 3261 1549 3266 ’

325 3353 422 3431 potito
443 3367 518 3432 agro
540 3350 685 3411 versibus
707 3343 857 3423 86-90,
886 3364 987 3425 aqrro
1016 3361 1111 3406 versu
1134 3342 1172 3403 ad
1196 3363 1310 3429 greges
1332 3365 1404 3407 sese
1426 3368 1499 3408 ron-

325 3452 429 3513 vertit.
472 3450 562 3527 Quae
585 3468 678 3527 quum
702 3449 745 3510 ita
767 3448 842 3522 sint,
869 3445 997 3504 minime
1024 3443 1203 3504 dubitabam
1226 3465 1276 3508 vv.
1299 3444 1361 3509 102
1383 3455 1416 3508 et
1438 3445 1499 3508 103

326 3557 398 3632 port
413 3567 537 3610 versum
552 3545 594 3609 90
609 3546 778 3624 collocare,
801 3544 853 3606 ubi
872 3547 1065 3625 aptissimam
1088 3545 1146 3605 toti
1163 3546 1291 3605 carmini
1309 3549 1497 3608 sententiam

325 3649 476 3711 efficiunt.
518 3647 601 3708 Dioit
676 3679 685 3698 ·

891 3728 1039 3824 Campos
1066 3731 1187 3802 andire
1212 3729 1345 3801 licebit:

314 3843 319 3854 ’
375 3851 499 3924 Dulcia
525 3872 604 3921 rura
631 3848 760 3938 valete,
788 3857 823 3917 et
847 3837 968 3942 Lydii,
996 3846 1131 3918 duloior
1156 3847 1239 3936 illis,

375 3969 418 4041 Et
440 3971 527 4042 oosti
553 3966 666 4040 fontes
693 3974 729 4036 et
754 3962 841 4034 felix
865 3984 993 4032 nomen
1018 3962 1144 4054 agelli:
1449 3966 1499 4037 90

377 4086 542 4173 Quamvis
560 4086 652 4178 ignis
670 4083 754 4172 eris,
772 4079 930 4173 quamvis
950 4101 1050 4172 aqua,
1069 4101 1207 4175 semper
1225 4079 1365 4152 amabo:
1426 4080 1498 4154 102
1573 4142 1574 4157 ,

377 4196 509 4272 Gaudia
536 4223 675 4296 semper
702 4199 793 4270 enim
820 4206 878 4268 tua
903 4219 959 4267 me
984 4196 1340 4288 meminisselioebit,
1427 4195 1497 4270 103
1573 4236 1574 4287 t

324 4320 344 4381 i.
368 4335 412 4380 a:
445 4318 587 4396 quamvis
609 4323 652 4390 te,
682 4310 797 4397 agella,
819 4313 884 4396 igni
909 4319 941 4372 et
962 4330 1045 4391 oqrsa
1067 4311 1248 4372 devoverim
1271 4318 1369 4390 tuque
1391 4313 1499 4372 interi.

325 4430 415 4480 turos
437 4420 493 4499 sis,
516 4425 621 4478 tamen
644 4432 770 4496 semper
792 4421 825 4473 te
843 4413 965 4489 amabo,
987 4430 1080 4491 quum
1095 4411 1172 4473 mibi
1186 4410 1294 4489 liceat,
1314 4410 1430 4495 gaudia
1445 4419 1499 4472 tua

1532 4614 1573 4700 d
