<?xml version="1.0" encoding="UTF-8"?>
<!DOCTYPE html PUBLIC "-//W3C//DTD XHTML 1.0 Transitional//EN"
    "http://www.w3.org/TR/xhtml1/DTD/xhtml1-transitional.dtd">
<html xmlns="http://www.w3.org/1999/xhtml" xml:lang="en" lang="en">
 <head>
  <title>
</title>
<meta http-equiv="Content-Type" content="text/html;charset=utf-8" />
  <meta name='ocr-system' content='tesseract 3.04.00' />
  <meta name='ocr-capabilities' content='ocr_page ocr_carea ocr_par ocr_line ocrx_word'/>
</head>
<body>
  <div class='ocr_page' id='page_1' title='image "./valericatonisqu00goebgoog_0032.png"; bbox 0 0 3484 4967; ppageno 0'>
   <div class='ocr_carea' id='block_1_1' title="bbox 870 516 1007 583">
    <p class='ocr_par' dir='ltr' id='par_1_1' title="bbox 870 516 1007 583">
     <span class='ocr_line' id='line_1_1' title="bbox 870 516 1007 583; baseline -0.022 0"><span class='ocrx_word' id='word_1_1' title='bbox 870 516 912 583; x_wconf 79' lang='lat'><strong>28</strong></span> <span class='ocrx_word' id='word_1_2' title='bbox 1003 571 1007 580; x_wconf 94' lang='lat'><strong>.</strong></span> 
     </span>
    </p>
   </div>
   <div class='ocr_carea' id='block_1_2' title="bbox 791 605 994 616">
    <p class='ocr_par' dir='ltr' id='par_1_2' title="bbox 791 605 994 616">
     <span class='ocr_line' id='line_1_2' title="bbox 791 605 994 616; baseline 0 -2"><span class='ocrx_word' id='word_1_3' title='bbox 791 605 994 616; x_wconf 76' lang='lat'><em>-—-——</em></span> 
     </span>
    </p>
   </div>
   <div class='ocr_carea' id='block_1_3' title="bbox 304 672 1568 4476">
    <p class='ocr_par' dir='ltr' id='par_1_3' title="bbox 304 672 1565 1068">
     <span class='ocr_line' id='line_1_3' title="bbox 304 672 1565 766; baseline 0.004 -25"><span class='ocrx_word' id='word_1_4' title='bbox 304 680 451 766; x_wconf 81' lang='lat' dir='ltr'><strong>legimus,</strong></span> <span class='ocrx_word' id='word_1_5' title='bbox 479 682 603 744; x_wconf 87' lang='lat' dir='ltr'><strong>triiaria</strong></span> <span class='ocrx_word' id='word_1_6' title='bbox 634 685 798 766; x_wconf 76' lang='lat' dir='ltr'><strong>anaphora</strong></span> <span class='ocrx_word' id='word_1_7' title='bbox 828 693 886 750; x_wconf 87' lang='grc' dir='ltr'>ιιι.</span> <span class='ocrx_word' id='word_1_8' title='bbox 928 686 1027 748; x_wconf 82' lang='lat' dir='ltr'><strong>Hinc</strong></span> <span class='ocrx_word' id='word_1_9' title='bbox 1055 694 1161 748; x_wconf 91' lang='lat' dir='ltr'><strong>autem</strong></span> <span class='ocrx_word' id='word_1_10' title='bbox 1192 686 1232 748; x_wconf 90' lang='lat' dir='ltr'><strong>ad</strong></span> <span class='ocrx_word' id='word_1_11' title='bbox 1261 685 1488 765; x_wconf 82' lang='lat' dir='ltr'><strong>praecedentis</strong></span> <span class='ocrx_word' id='word_1_12' title='bbox 1556 672 1565 727; x_wconf 58' lang='lat'><strong>&gt;³</strong></span> 
     </span>
     <span class='ocr_line' id='line_1_4' title="bbox 305 784 1487 868; baseline 0.002 -22"><span class='ocrx_word' id='word_1_13' title='bbox 305 785 456 864; x_wconf 75' lang='lat' dir='ltr'><strong>strophae</strong></span> <span class='ocrx_word' id='word_1_14' title='bbox 471 786 661 845; x_wconf 85' lang='lat' dir='ltr'><strong>sententiam</strong></span> <span class='ocrx_word' id='word_1_15' title='bbox 674 784 878 847; x_wconf 87' lang='lat' dir='ltr'><strong>referendum</strong></span> <span class='ocrx_word' id='word_1_16' title='bbox 902 792 962 862; x_wconf 84' lang='lat' dir='ltr'><strong>eat,</strong></span> <span class='ocrx_word' id='word_1_17' title='bbox 984 788 1286 868; x_wconf 83' lang='lat' dir='ltr'><strong>uh1poetaomnem</strong></span> <span class='ocrx_word' id='word_1_18' title='bbox 1309 788 1372 848; x_wconf 89' lang='lat' dir='ltr'><strong>vim</strong></span> <span class='ocrx_word' id='word_1_19' title='bbox 1394 805 1487 848; x_wconf 87' lang='lat' dir='ltr'><strong>crea·</strong></span> 
     </span>
     <span class='ocr_line' id='line_1_5' title="bbox 305 884 1564 967; baseline 0.003 -22"><span class='ocrx_word' id='word_1_20' title='bbox 305 886 414 946; x_wconf 87' lang='lat' dir='ltr'><strong>tricem</strong></span> <span class='ocrx_word' id='word_1_21' title='bbox 443 889 575 944; x_wconf 89' lang='lat' dir='ltr'><strong>naturae</strong></span> <span class='ocrx_word' id='word_1_22' title='bbox 605 885 752 965; x_wconf 79' lang='lat' dir='ltr'>devovet,</span> <span class='ocrx_word' id='word_1_23' title='bbox 783 905 845 965; x_wconf 90' lang='lat' dir='ltr'><strong>qua</strong></span> <span class='ocrx_word' id='word_1_24' title='bbox 876 884 1004 949; x_wconf 86' lang='lat' dir='ltr'><strong>sublata</strong></span> <span class='ocrx_word' id='word_1_25' title='bbox 1033 889 1216 948; x_wconf 85' lang='lat' dir='ltr'><strong>necessario</strong></span> <span class='ocrx_word' id='word_1_26' title='bbox 1244 887 1343 967; x_wconf 85' lang='lat' dir='ltr'><strong>pestis</strong></span> <span class='ocrx_word' id='word_1_27' title='bbox 1372 889 1486 950; x_wconf 85' lang='lat' dir='ltr'><strong>oritur.</strong></span> <span class='ocrx_word' id='word_1_28' title='bbox 1561 958 1564 967; x_wconf 34' lang='grc' dir='ltr'>Ι</span> 
     </span>
     <span class='ocr_line' id='line_1_6' title="bbox 305 981 1225 1068; baseline 0.005 -24"><span class='ocrx_word' id='word_1_29' title='bbox 305 984 407 1046; x_wconf 87' lang='lat' dir='ltr'><strong>Hinc</strong></span> <span class='ocrx_word' id='word_1_30' title='bbox 429 981 461 1044; x_wconf 90' lang='lat' dir='ltr'><strong>id</strong></span> <span class='ocrx_word' id='word_1_31' title='bbox 484 990 534 1044; x_wconf 89' lang='lat' dir='ltr'><strong>cst</strong></span> <span class='ocrx_word' id='word_1_32' title='bbox 555 1003 601 1045; x_wconf 84' lang='lat' dir='ltr'><strong>ex</strong></span> <span class='ocrx_word' id='word_1_33' title='bbox 622 986 696 1047; x_wconf 89' lang='lat' dir='ltr'><strong>hac</strong></span> <span class='ocrx_word' id='word_1_34' title='bbox 718 995 810 1068; x_wconf 86' lang='lat' dir='ltr'><strong>peste</strong></span> <span class='ocrx_word' id='word_1_35' title='bbox 832 988 935 1057; x_wconf 75' lang='lat' dir='ltr'><strong>flores,</strong></span> <span class='ocrx_word' id='word_1_36' title='bbox 951 992 1074 1047; x_wconf 90' lang='lat' dir='ltr'><strong>mutent</strong></span> <span class='ocrx_word' id='word_1_37' title='bbox 1096 1005 1123 1049; x_wconf 92' lang='lat' dir='ltr'><strong>e.</strong></span> <span class='ocrx_word' id='word_1_38' title='bbox 1148 1006 1178 1065; x_wconf 90' lang='lat' dir='ltr'><strong>q.</strong></span> <span class='ocrx_word' id='word_1_39' title='bbox 1202 1005 1225 1049; x_wconf 91' lang='grc' dir='ltr'><strong>ι.</strong></span> 
     </span>
    </p>

    <p class='ocr_par' dir='ltr' id='par_1_4' title="bbox 304 1079 1568 2771">
     <span class='ocr_line' id='line_1_7' title="bbox 389 1079 1485 1167; baseline 0.002 -21"><span class='ocrx_word' id='word_1_40' title='bbox 389 1082 426 1146; x_wconf 93' lang='lat' dir='ltr'><strong>V.</strong></span> <span class='ocrx_word' id='word_1_41' title='bbox 448 1079 490 1144; x_wconf 79' lang='lat'><strong>24</strong></span> <span class='ocrx_word' id='word_1_42' title='bbox 512 1091 562 1143; x_wconf 88' lang='grc' dir='ltr'><strong>ιιι</strong></span> <span class='ocrx_word' id='word_1_43' title='bbox 583 1085 733 1165; x_wconf 75' lang='lat' dir='ltr'><strong>strophae</strong></span> <span class='ocrx_word' id='word_1_44' title='bbox 757 1085 918 1150; x_wconf 81' lang='lat' dir='ltr'><strong>catalonis.</strong></span> <span class='ocrx_word' id='word_1_45' title='bbox 961 1086 1112 1148; x_wconf 82' lang='lat' dir='ltr'><strong>Heinsius</strong></span> <span class='ocrx_word' id='word_1_46' title='bbox 1139 1106 1196 1167; x_wconf 91' lang='lat' dir='ltr'><strong>pro</strong></span> <span class='ocrx_word' id='word_1_47' title='bbox 1219 1089 1387 1149; x_wconf 87' lang='lat' dir='ltr'><strong>aurihus</strong></span> <span class='ocrx_word' id='word_1_48' title='bbox 1409 1107 1485 1148; x_wconf 93' lang='lat' dir='ltr'><strong>con-</strong></span> 
     </span>
     <span class='ocr_line' id='line_1_8' title="bbox 305 1184 1482 1263; baseline 0 -17"><span class='ocrx_word' id='word_1_49' title='bbox 305 1186 381 1247; x_wconf 91' lang='lat' dir='ltr'><strong>iecit</strong></span> <span class='ocrx_word' id='word_1_50' title='bbox 408 1185 594 1259; x_wconf 87' lang='lat' dir='ltr'><strong>naribus,</strong></span> <span class='ocrx_word' id='word_1_51' title='bbox 626 1195 721 1263; x_wconf 87' lang='lat' dir='ltr'><strong>quum</strong></span> <span class='ocrx_word' id='word_1_52' title='bbox 749 1187 845 1247; x_wconf 86' lang='lat' dir='ltr'><strong>tiores</strong></span> <span class='ocrx_word' id='word_1_53' title='bbox 874 1207 937 1248; x_wconf 96' lang='lat' dir='ltr'><strong>non</strong></span> <span class='ocrx_word' id='word_1_54' title='bbox 969 1205 1064 1248; x_wconf 86' lang='lat' dir='ltr'><strong>aures</strong></span> <span class='ocrx_word' id='word_1_55' title='bbox 1091 1186 1150 1248; x_wconf 90' lang='lat' dir='ltr'><strong>sed</strong></span> <span class='ocrx_word' id='word_1_56' title='bbox 1176 1205 1271 1248; x_wconf 84' lang='lat' dir='ltr'><strong>nares</strong></span> <span class='ocrx_word' id='word_1_57' title='bbox 1308 1184 1482 1255; x_wconf 80' lang='lat' dir='ltr'>delectent,</span> 
     </span>
     <span class='ocr_line' id='line_1_9' title="bbox 304 1284 1566 1371; baseline 0 -25"><span class='ocrx_word' id='word_1_58' title='bbox 304 1285 415 1360; x_wconf 83' lang='lat' dir='ltr'>Recte,</span> <span class='ocrx_word' id='word_1_59' title='bbox 449 1286 592 1363; x_wconf 86' lang='lat' dir='ltr'><strong>quamvis</strong></span> <span class='ocrx_word' id='word_1_60' title='bbox 620 1284 823 1348; x_wconf 79' lang='grc' dir='ltr'>ΕΙιΙιιιιιΙίιιι</span> <span class='ocrx_word' id='word_1_61' title='bbox 861 1295 894 1349; x_wconf 87' lang='grc' dir='ltr'><strong>ιι</strong></span> <span class='ocrx_word' id='word_1_62' title='bbox 932 1286 1071 1348; x_wconf 87' lang='lat' dir='ltr'><strong>Naekius</strong></span> <span class='ocrx_word' id='word_1_63' title='bbox 1098 1287 1222 1346; x_wconf 89' lang='lat' dir='ltr'><strong>Heinsii</strong></span> <span class='ocrx_word' id='word_1_64' title='bbox 1250 1288 1392 1367; x_wconf 91' lang='lat' dir='ltr'><strong>opinioni</strong></span> <span class='ocrx_word' id='word_1_65' title='bbox 1419 1307 1486 1348; x_wconf 88' lang='lat' dir='ltr'><strong>non</strong></span> <span class='ocrx_word' id='word_1_66' title='bbox 1565 1342 1566 1371; x_wconf 41' lang='lat'>3</span> 
     </span>
     <span class='ocr_line' id='line_1_10' title="bbox 306 1378 1566 1469; baseline -0.001 -21"><span class='ocrx_word' id='word_1_67' title='bbox 306 1385 467 1448; x_wconf 88' lang='lat' dir='ltr'><strong>accedant.</strong></span> <span class='ocrx_word' id='word_1_68' title='bbox 499 1383 577 1443; x_wconf 90' lang='lat' dir='ltr'><strong>Nam</strong></span> <span class='ocrx_word' id='word_1_69' title='bbox 599 1382 677 1445; x_wconf 92' lang='lat' dir='ltr'><strong>illud</strong></span> <span class='ocrx_word' id='word_1_70' title='bbox 699 1384 794 1448; x_wconf 84' lang='lat' dir='ltr'><strong>focile</strong></span> <span class='ocrx_word' id='word_1_71' title='bbox 818 1388 1027 1449; x_wconf 87' lang='lat' dir='ltr'><strong>demonstrari</strong></span> <span class='ocrx_word' id='word_1_72' title='bbox 1048 1393 1165 1469; x_wconf 80' lang='lat' dir='ltr'><strong>potest,</strong></span> <span class='ocrx_word' id='word_1_73' title='bbox 1187 1394 1313 1466; x_wconf 88' lang='lat' dir='ltr'><strong>poetam</strong></span> <span class='ocrx_word' id='word_1_74' title='bbox 1327 1388 1389 1450; x_wconf 91' lang='lat' dir='ltr'><strong>hac</strong></span> <span class='ocrx_word' id='word_1_75' title='bbox 1403 1396 1485 1448; x_wconf 86' lang='lat' dir='ltr'><strong>stro-</strong></span> <span class='ocrx_word' id='word_1_76' title='bbox 1565 1378 1566 1383; x_wconf 60' lang='grc'>’</span> 
     </span>
     <span class='ocr_line' id='line_1_11' title="bbox 305 1482 1483 1572; baseline 0.002 -27"><span class='ocrx_word' id='word_1_77' title='bbox 305 1486 370 1567; x_wconf 94' lang='lat' dir='ltr'><strong>pha</strong></span> <span class='ocrx_word' id='word_1_78' title='bbox 391 1484 432 1546; x_wconf 93' lang='lat' dir='ltr'><strong>de</strong></span> <span class='ocrx_word' id='word_1_79' title='bbox 455 1482 531 1542; x_wconf 80' lang='lat' dir='ltr'><strong>solis</strong></span> <span class='ocrx_word' id='word_1_80' title='bbox 553 1483 683 1544; x_wconf 87' lang='lat' dir='ltr'><strong>floribus</strong></span> <span class='ocrx_word' id='word_1_81' title='bbox 704 1483 808 1566; x_wconf 82' lang='lat' dir='ltr'><strong>loqui3</strong></span> <span class='ocrx_word' id='word_1_82' title='bbox 845 1506 943 1550; x_wconf 87' lang='lat' dir='ltr'><strong>aurae</strong></span> <span class='ocrx_word' id='word_1_83' title='bbox 972 1497 1077 1550; x_wconf 88' lang='lat' dir='ltr'><strong>autem</strong></span> <span class='ocrx_word' id='word_1_84' title='bbox 1108 1493 1142 1547; x_wconf 92' lang='lat' dir='ltr'><strong>ot</strong></span> <span class='ocrx_word' id='word_1_85' title='bbox 1166 1487 1295 1567; x_wconf 82' lang='lat' dir='ltr'><strong>spiritus</strong></span> <span class='ocrx_word' id='word_1_86' title='bbox 1323 1490 1391 1572; x_wconf 81' lang='lat' dir='ltr'><strong>agri</strong></span> <span class='ocrx_word' id='word_1_87' title='bbox 1419 1506 1483 1548; x_wconf 92' lang='lat' dir='ltr'><strong>non</strong></span> 
     </span>
     <span class='ocr_line' id='line_1_12' title="bbox 306 1587 1485 1669; baseline -0.001 -21"><span class='ocrx_word' id='word_1_88' title='bbox 306 1592 529 1664; x_wconf 88' lang='lat' dir='ltr'><strong>memorantur,</strong></span> <span class='ocrx_word' id='word_1_89' title='bbox 552 1593 708 1664; x_wconf 88' lang='lat' dir='ltr'><strong>quatenus</strong></span> <span class='ocrx_word' id='word_1_90' title='bbox 732 1605 770 1647; x_wconf 86' lang='lat' dir='ltr'><strong>cx</strong></span> <span class='ocrx_word' id='word_1_91' title='bbox 790 1589 829 1648; x_wconf 89' lang='lat' dir='ltr'><strong>iis</strong></span> <span class='ocrx_word' id='word_1_92' title='bbox 851 1588 973 1669; x_wconf 89' lang='lat' dir='ltr'><strong>aliquid</strong></span> <span class='ocrx_word' id='word_1_93' title='bbox 994 1587 1198 1649; x_wconf 87' lang='lat' dir='ltr'><strong>iucunditatis</strong></span> <span class='ocrx_word' id='word_1_94' title='bbox 1219 1589 1405 1668; x_wconf 80' lang='lat' dir='ltr'><strong>percipitur,</strong></span> <span class='ocrx_word' id='word_1_95' title='bbox 1425 1587 1485 1648; x_wconf 91' lang='lat' dir='ltr'><strong>sed</strong></span> 
     </span>
     <span class='ocr_line' id='line_1_13' title="bbox 304 1685 1566 1767; baseline 0.002 -21"><span class='ocrx_word' id='word_1_96' title='bbox 304 1693 463 1766; x_wconf 82' lang='lat' dir='ltr'><strong>quatenus</strong></span> <span class='ocrx_word' id='word_1_97' title='bbox 498 1685 595 1746; x_wconf 94' lang='lat' dir='ltr'><strong>odore</strong></span> <span class='ocrx_word' id='word_1_98' title='bbox 629 1688 740 1747; x_wconf 87' lang='lat' dir='ltr'><strong>florum</strong></span> <span class='ocrx_word' id='word_1_99' title='bbox 774 1706 898 1750; x_wconf 87' lang='lat' dir='ltr'><strong>veneno</strong></span> <span class='ocrx_word' id='word_1_100' title='bbox 928 1697 963 1750; x_wconf 92' lang='lat' dir='ltr'><strong>et</strong></span> <span class='ocrx_word' id='word_1_101' title='bbox 990 1695 1082 1751; x_wconf 87' lang='lat' dir='ltr'><strong>aestu</strong></span> <span class='ocrx_word' id='word_1_102' title='bbox 1110 1687 1265 1767; x_wconf 86' lang='lat' dir='ltr'><strong>pestifero</strong></span> <span class='ocrx_word' id='word_1_103' title='bbox 1293 1689 1483 1749; x_wconf 83' lang='lat' dir='ltr'><strong>inficiuntur·</strong></span> <span class='ocrx_word' id='word_1_104' title='bbox 1565 1696 1566 1699; x_wconf 75' lang='grc'>’</span> 
     </span>
     <span class='ocr_line' id='line_1_14' title="bbox 306 1784 1483 1871; baseline 0.002 -25"><span class='ocrx_word' id='word_1_105' title='bbox 306 1784 519 1847; x_wconf 83' lang='lat' dir='ltr'>concederem</span> <span class='ocrx_word' id='word_1_106' title='bbox 535 1785 649 1847; x_wconf 88' lang='lat' dir='ltr'><strong>Naehii</strong></span> <span class='ocrx_word' id='word_1_107' title='bbox 666 1785 878 1869; x_wconf 83' lang='lat' dir='ltr'><strong>explicationi,</strong></span> <span class='ocrx_word' id='word_1_108' title='bbox 900 1791 927 1849; x_wconf 88' lang='lat' dir='ltr'><strong>si</strong></span> <span class='ocrx_word' id='word_1_109' title='bbox 942 1797 1037 1871; x_wconf 88' lang='lat' dir='ltr'><strong>poeta</strong></span> <span class='ocrx_word' id='word_1_110' title='bbox 1051 1793 1145 1849; x_wconf 88' lang='lat' dir='ltr'><strong>antea</strong></span> <span class='ocrx_word' id='word_1_111' title='bbox 1161 1789 1367 1869; x_wconf 77' lang='lat' dir='ltr'><strong>exposuisset,</strong></span> <span class='ocrx_word' id='word_1_112' title='bbox 1388 1807 1483 1866; x_wconf 88' lang='lat' dir='ltr'><strong>quam</strong></span> 
     </span>
     <span class='ocr_line' id='line_1_15' title="bbox 306 1885 1484 1972; baseline -0.001 -23"><span class='ocrx_word' id='word_1_113' title='bbox 306 1885 501 1966; x_wconf 83' lang='lat' dir='ltr'><strong>voluptatem</strong></span> <span class='ocrx_word' id='word_1_114' title='bbox 523 1905 620 1947; x_wconf 90' lang='lat' dir='ltr'><strong>aurae</strong></span> <span class='ocrx_word' id='word_1_115' title='bbox 643 1895 676 1946; x_wconf 89' lang='lat' dir='ltr'><strong>et</strong></span> <span class='ocrx_word' id='word_1_116' title='bbox 698 1888 827 1970; x_wconf 85' lang='lat' dir='ltr'><strong>spiritus</strong></span> <span class='ocrx_word' id='word_1_117' title='bbox 850 1890 919 1972; x_wconf 82' lang='lat' dir='ltr'><strong>agri</strong></span> <span class='ocrx_word' id='word_1_118' title='bbox 941 1890 972 1949; x_wconf 91' lang='lat' dir='ltr'><strong>ci</strong></span> <span class='ocrx_word' id='word_1_119' title='bbox 994 1895 1240 1968; x_wconf 78' lang='lat' dir='ltr'><strong>comparassent.</strong></span> <span class='ocrx_word' id='word_1_120' title='bbox 1277 1889 1366 1966; x_wconf 76' lang='lat' dir='ltr'><strong>Quae</strong></span> <span class='ocrx_word' id='word_1_121' title='bbox 1388 1908 1484 1966; x_wconf 89' lang='lat' dir='ltr'><strong>quum</strong></span> 
     </span>
     <span class='ocr_line' id='line_1_16' title="bbox 305 1987 1484 2071; baseline 0.003 -25"><span class='ocrx_word' id='word_1_122' title='bbox 305 1989 351 2048; x_wconf 89' lang='lat' dir='ltr'><strong>ita</strong></span> <span class='ocrx_word' id='word_1_123' title='bbox 373 1987 447 2061; x_wconf 85' lang='lat' dir='ltr'><strong>sint,</strong></span> <span class='ocrx_word' id='word_1_124' title='bbox 468 1987 613 2067; x_wconf 86' lang='lat' dir='ltr'><strong>proiecto</strong></span> <span class='ocrx_word' id='word_1_125' title='bbox 634 2006 697 2048; x_wconf 93' lang='lat' dir='ltr'><strong>non</strong></span> <span class='ocrx_word' id='word_1_126' title='bbox 719 1987 876 2071; x_wconf 83' lang='lat' dir='ltr'><strong>intelligo,</strong></span> <span class='ocrx_word' id='word_1_127' title='bbox 898 1988 1054 2069; x_wconf 90' lang='lat' dir='ltr'><strong>quomodo</strong></span> <span class='ocrx_word' id='word_1_128' title='bbox 1076 1989 1205 2049; x_wconf 84' lang='lat' dir='ltr'><strong>floribus</strong></span> <span class='ocrx_word' id='word_1_129' title='bbox 1219 2007 1313 2049; x_wconf 87' lang='lat' dir='ltr'><strong>aures</strong></span> <span class='ocrx_word' id='word_1_130' title='bbox 1328 1987 1484 2051; x_wconf 86' lang='lat' dir='ltr'><strong>delectari</strong></span> 
     </span>
     <span class='ocr_line' id='line_1_17' title="bbox 307 2085 1483 2174; baseline 0.001 -26"><span class='ocrx_word' id='word_1_131' title='bbox 307 2088 437 2169; x_wconf 88' lang='lat' dir='ltr'><strong>possint.</strong></span> <span class='ocrx_word' id='word_1_132' title='bbox 480 2085 539 2146; x_wconf 78' lang='lat' dir='ltr'><strong>Est</strong></span> <span class='ocrx_word' id='word_1_133' title='bbox 560 2085 687 2165; x_wconf 89' lang='lat' dir='ltr'><strong>quidem</strong></span> <span class='ocrx_word' id='word_1_134' title='bbox 716 2106 825 2148; x_wconf 91' lang='lat' dir='ltr'><strong>verum</strong></span> <span class='ocrx_word' id='word_1_135' title='bbox 855 2108 1017 2149; x_wconf 83' lang='lat' dir='ltr'><strong>susurrum</strong></span> <span class='ocrx_word' id='word_1_136' title='bbox 1044 2087 1267 2172; x_wconf 74' lang='grc' dir='ltr'>(ψιθυρισμόν)</span> <span class='ocrx_word' id='word_1_137' title='bbox 1297 2090 1483 2174; x_wconf 82' lang='lat' dir='ltr'><strong>saepissime</strong></span> 
     </span>
     <span class='ocr_line' id='line_1_18' title="bbox 309 2187 1483 2270; baseline -0.002 -19"><span class='ocrx_word' id='word_1_138' title='bbox 309 2209 328 2251; x_wconf 91' lang='lat' dir='ltr'><strong>a</strong></span> <span class='ocrx_word' id='word_1_139' title='bbox 350 2189 455 2270; x_wconf 91' lang='lat' dir='ltr'><strong>poetis</strong></span> <span class='ocrx_word' id='word_1_140' title='bbox 478 2194 511 2248; x_wconf 90' lang='lat' dir='ltr'><strong>et</strong></span> <span class='ocrx_word' id='word_1_141' title='bbox 533 2187 666 2248; x_wconf 84' lang='lat' dir='ltr'><strong>Graccis</strong></span> <span class='ocrx_word' id='word_1_142' title='bbox 689 2194 723 2248; x_wconf 89' lang='lat' dir='ltr'><strong>et</strong></span> <span class='ocrx_word' id='word_1_143' title='bbox 744 2187 865 2249; x_wconf 87' lang='lat' dir='ltr'><strong>Latinis</strong></span> <span class='ocrx_word' id='word_1_144' title='bbox 889 2190 1136 2262; x_wconf 92' lang='lat' dir='ltr'><strong>commemorari,</strong></span> <span class='ocrx_word' id='word_1_145' title='bbox 1169 2188 1225 2249; x_wconf 84' lang='lat' dir='ltr'><strong>scd</strong></span> <span class='ocrx_word' id='word_1_146' title='bbox 1247 2190 1364 2268; x_wconf 86' lang='lat' dir='ltr'><strong>ubique</strong></span> <span class='ocrx_word' id='word_1_147' title='bbox 1386 2208 1483 2250; x_wconf 84' lang='lat' dir='ltr'><strong>sensu</strong></span> 
     </span>
     <span class='ocr_line' id='line_1_19' title="bbox 308 2274 1485 2368; baseline -0.002 -16"><span class='ocrx_word' id='word_1_148' title='bbox 308 2296 454 2352; x_wconf 82' lang='lat' dir='ltr'><strong>anostra</strong></span> <span class='ocrx_word' id='word_1_149' title='bbox 475 2287 543 2350; x_wconf 94' lang='lat' dir='ltr'><strong>loco</strong></span> <span class='ocrx_word' id='word_1_150' title='bbox 566 2288 682 2352; x_wconf 91' lang='lat' dir='ltr'><strong>alieno.</strong></span> <span class='ocrx_word' id='word_1_151' title='bbox 719 2291 825 2368; x_wconf 77' lang='lat' dir='ltr'><strong>Quare</strong></span> <span class='ocrx_word' id='word_1_152' title='bbox 847 2309 910 2351; x_wconf 93' lang='lat' dir='ltr'><strong>non</strong></span> <span class='ocrx_word' id='word_1_153' title='bbox 932 2288 1040 2350; x_wconf 88' lang='lat' dir='ltr'><strong>dubito</strong></span> <span class='ocrx_word' id='word_1_154' title='bbox 1057 2289 1180 2350; x_wconf 89' lang='lat' dir='ltr'><strong>Heinsii</strong></span> <span class='ocrx_word' id='word_1_155' title='bbox 1202 2290 1413 2351; x_wconf 86' lang='lat' dir='ltr'><strong>coniecturam</strong></span> <span class='ocrx_word' id='word_1_156' title='bbox 1431 2274 1485 2350; x_wconf 80' lang='lat' dir='ltr'><strong>re-</strong></span> 
     </span>
     <span class='ocr_line' id='line_1_20' title="bbox 309 2387 1484 2475; baseline -0.005 -19"><span class='ocrx_word' id='word_1_157' title='bbox 309 2396 428 2475; x_wconf 91' lang='lat' dir='ltr'><strong>cipcre,</strong></span> <span class='ocrx_word' id='word_1_158' title='bbox 455 2391 643 2474; x_wconf 87' lang='lat' dir='ltr'><strong>praesertim</strong></span> <span class='ocrx_word' id='word_1_159' title='bbox 673 2408 768 2468; x_wconf 90' lang='lat' dir='ltr'><strong>quum</strong></span> <span class='ocrx_word' id='word_1_160' title='bbox 794 2387 891 2450; x_wconf 86' lang='lat' dir='ltr'><strong>facile</strong></span> <span class='ocrx_word' id='word_1_161' title='bbox 913 2388 1009 2450; x_wconf 90' lang='lat' dir='ltr'><strong>lectio</strong></span> <span class='ocrx_word' id='word_1_162' title='bbox 1032 2390 1165 2451; x_wconf 86' lang='lat' dir='ltr'><strong>maxime</strong></span> <span class='ocrx_word' id='word_1_163' title='bbox 1192 2388 1376 2473; x_wconf 78' lang='lat' dir='ltr'><strong>prodigiosa</strong></span> <span class='ocrx_word' id='word_1_164' title='bbox 1399 2389 1484 2450; x_wconf 92' lang='lat' dir='ltr'><strong>unde</strong></span> 
     </span>
     <span class='ocr_line' id='line_1_21' title="bbox 309 2487 1484 2575; baseline -0.004 -20"><span class='ocrx_word' id='word_1_165' title='bbox 309 2502 379 2555; x_wconf 90' lang='lat' dir='ltr'><strong>orta</strong></span> <span class='ocrx_word' id='word_1_166' title='bbox 400 2494 442 2553; x_wconf 83' lang='lat' dir='ltr'><strong>sit</strong></span> <span class='ocrx_word' id='word_1_167' title='bbox 464 2490 615 2575; x_wconf 83' lang='lat' dir='ltr'><strong>explicari</strong></span> <span class='ocrx_word' id='word_1_168' title='bbox 637 2492 747 2570; x_wconf 85' lang='lat' dir='ltr'><strong>possit.</strong></span> <span class='ocrx_word' id='word_1_169' title='bbox 779 2491 831 2551; x_wconf 89' lang='lat' dir='ltr'><strong>Bis</strong></span> <span class='ocrx_word' id='word_1_170' title='bbox 854 2492 938 2552; x_wconf 87' lang='lat' dir='ltr'><strong>enim</strong></span> <span class='ocrx_word' id='word_1_171' title='bbox 959 2488 1126 2552; x_wconf 85' lang='lat' dir='ltr'><strong>scribenda</strong></span> <span class='ocrx_word' id='word_1_172' title='bbox 1149 2497 1217 2550; x_wconf 86' lang='lat' dir='ltr'><strong>crat</strong></span> <span class='ocrx_word' id='word_1_173' title='bbox 1231 2487 1326 2550; x_wconf 89' lang='lat' dir='ltr'><strong>litera</strong></span> <span class='ocrx_word' id='word_1_174' title='bbox 1340 2489 1386 2550; x_wconf 85' lang='lat' dir='ltr'><strong>N:</strong></span> <span class='ocrx_word' id='word_1_175' title='bbox 1410 2508 1484 2550; x_wconf 96' lang='lat' dir='ltr'><strong>non</strong></span> 
     </span>
     <span class='ocr_line' id='line_1_22' title="bbox 308 2576 1568 2673; baseline -0.005 -15"><span class='ocrx_word' id='word_1_176' title='bbox 308 2597 483 2658; x_wconf 85' lang='lat' dir='ltr'><strong>naribus.</strong></span> <span class='ocrx_word' id='word_1_177' title='bbox 521 2589 626 2669; x_wconf 68' lang='lat' dir='ltr'><strong>Quid?</strong></span> <span class='ocrx_word' id='word_1_178' title='bbox 656 2591 683 2650; x_wconf 88' lang='lat' dir='ltr'><strong>si</strong></span> <span class='ocrx_word' id='word_1_179' title='bbox 704 2589 867 2653; x_wconf 89' lang='lat' dir='ltr'><strong>librarium</strong></span> <span class='ocrx_word' id='word_1_180' title='bbox 890 2576 988 2652; x_wconf 82' lang='lat' dir='ltr'><strong>unum</strong></span> <span class='ocrx_word' id='word_1_181' title='bbox 1013 2612 1032 2651; x_wconf 96' lang='lat' dir='ltr'><strong>n</strong></span> <span class='ocrx_word' id='word_1_182' title='bbox 1056 2590 1209 2673; x_wconf 85' lang='lat' dir='ltr'><strong>fugiebat,</strong></span> <span class='ocrx_word' id='word_1_183' title='bbox 1238 2592 1378 2652; x_wconf 86' lang='lat' dir='ltr'><strong>restabat</strong></span> <span class='ocrx_word' id='word_1_184' title='bbox 1408 2611 1483 2652; x_wconf 93' lang='lat' dir='ltr'><strong>non</strong></span> <span class='ocrx_word' id='word_1_185' title='bbox 1566 2606 1568 2669; x_wconf 67' lang='grc' dir='ltr'>ξ</span> 
     </span>
     <span class='ocr_line' id='line_1_23' title="bbox 310 2689 1265 2771; baseline -0.007 -12"><span class='ocrx_word' id='word_1_186' title='bbox 310 2698 459 2771; x_wconf 86' lang='lat' dir='ltr'><strong>aribus,</strong></span> <span class='ocrx_word' id='word_1_187' title='bbox 482 2690 564 2753; x_wconf 92' lang='lat' dir='ltr'><strong>unde</strong></span> <span class='ocrx_word' id='word_1_188' title='bbox 586 2689 652 2749; x_wconf 87' lang='lat' dir='ltr'><strong>levi</strong></span> <span class='ocrx_word' id='word_1_189' title='bbox 675 2693 848 2753; x_wconf 86' lang='lat' dir='ltr'><strong>mutatione</strong></span> <span class='ocrx_word' id='word_1_190' title='bbox 871 2694 968 2752; x_wconf 88' lang='lat' dir='ltr'><strong>tiebat</strong></span> <span class='ocrx_word' id='word_1_191' title='bbox 989 2710 1062 2750; x_wconf 96' lang='lat' dir='ltr'><strong>non</strong></span> <span class='ocrx_word' id='word_1_192' title='bbox 1086 2691 1265 2752; x_wconf 84' lang='lat' dir='ltr'><strong>auribus.</strong></span> 
     </span>
    </p>

    <p class='ocr_par' dir='ltr' id='par_1_5' title="bbox 309 2789 1568 3078">
     <span class='ocr_line' id='line_1_24' title="bbox 394 2789 1344 2874; baseline -0.006 -15"><span class='ocrx_word' id='word_1_193' title='bbox 394 2795 431 2859; x_wconf 92' lang='lat' dir='ltr'><strong>V.</strong></span> <span class='ocrx_word' id='word_1_194' title='bbox 453 2791 494 2857; x_wconf 82' lang='lat'><strong>26</strong></span> <span class='ocrx_word' id='word_1_195' title='bbox 517 2794 627 2874; x_wconf 93' lang='lat' dir='ltr'><strong>incipit</strong></span> <span class='ocrx_word' id='word_1_196' title='bbox 648 2789 790 2871; x_wconf 91' lang='lat' dir='ltr'><strong>stropha,</strong></span> <span class='ocrx_word' id='word_1_197' title='bbox 813 2809 876 2869; x_wconf 90' lang='lat' dir='ltr'><strong>qua</strong></span> <span class='ocrx_word' id='word_1_198' title='bbox 899 2799 995 2871; x_wconf 89' lang='lat' dir='ltr'><strong>poeta</strong></span> <span class='ocrx_word' id='word_1_199' title='bbox 1018 2789 1131 2850; x_wconf 90' lang='lat' dir='ltr'><strong>silvam</strong></span> <span class='ocrx_word' id='word_1_200' title='bbox 1153 2800 1344 2854; x_wconf 81' lang='lat' dir='ltr'><strong>exsecratur.</strong></span> 
     </span>
     <span class='ocr_line' id='line_1_25' title="bbox 310 2890 1568 2981; baseline -0.003 -23"><span class='ocrx_word' id='word_1_201' title='bbox 310 2897 346 2961; x_wconf 89' lang='lat' dir='ltr'><strong>V.</strong></span> <span class='ocrx_word' id='word_1_202' title='bbox 368 2895 427 2959; x_wconf 80' lang='lat'><strong>27:</strong></span> <span class='ocrx_word' id='word_1_203' title='bbox 450 2896 621 2959; x_wconf 83' lang='lat' dir='ltr'><strong>virectis</strong></span> <span class='ocrx_word' id='word_1_204' title='bbox 643 2893 779 2968; x_wconf 77' lang='lat' dir='ltr'><strong>Thuan,</strong></span> <span class='ocrx_word' id='word_1_205' title='bbox 801 2890 950 2968; x_wconf 82' lang='lat' dir='ltr'><strong>Parisii,</strong></span> <span class='ocrx_word' id='word_1_206' title='bbox 972 2893 1113 2976; x_wconf 81' lang='lat' dir='ltr'><strong>August,</strong></span> <span class='ocrx_word' id='word_1_207' title='bbox 1134 2892 1257 2955; x_wconf 87' lang='lat' dir='ltr'><strong>Monac.</strong></span> <span class='ocrx_word' id='word_1_208' title='bbox 1274 2894 1297 2969; x_wconf 93' lang='grc' dir='ltr'><strong>Ι,</strong></span> <span class='ocrx_word' id='word_1_209' title='bbox 1318 2892 1483 2976; x_wconf 73' lang='lat' dir='ltr'><strong>Tegeras,</strong></span> <span class='ocrx_word' id='word_1_210' title='bbox 1565 2961 1568 2981; x_wconf 33' lang='grc'>,</span> 
     </span>
     <span class='ocr_line' id='line_1_26' title="bbox 309 2980 1567 3078; baseline -0.002 -20"><span class='ocrx_word' id='word_1_211' title='bbox 309 2997 493 3078; x_wconf 82' lang='lat' dir='ltr'><strong>Weyhcnst.</strong></span> <span class='ocrx_word' id='word_1_212' title='bbox 516 2993 642 3058; x_wconf 83' lang='lat' dir='ltr'><strong>Vratisl.</strong></span> <span class='ocrx_word' id='word_1_213' title='bbox 665 2996 686 3057; x_wconf 94' lang='grc' dir='ltr'><strong>Ι.</strong></span> <span class='ocrx_word' id='word_1_214' title='bbox 1215 2980 1219 2986; x_wconf 48' lang='grc'><strong><em>’</em></strong></span> <span class='ocrx_word' id='word_1_215' title='bbox 1566 2984 1567 2997; x_wconf 63' lang='grc'>’</span> 
     </span>
    </p>

    <p class='ocr_par' dir='ltr' id='par_1_6' title="bbox 309 3092 1484 3282">
     <span class='ocr_line' id='line_1_27' title="bbox 397 3092 1484 3175; baseline -0.005 -16"><span class='ocrx_word' id='word_1_216' title='bbox 397 3097 430 3160; x_wconf 89' lang='lat' dir='ltr'><strong>V.</strong></span> <span class='ocrx_word' id='word_1_217' title='bbox 452 3094 510 3158; x_wconf 78' lang='lat'><strong>28:</strong></span> <span class='ocrx_word' id='word_1_218' title='bbox 533 3095 743 3157; x_wconf 84' lang='lat' dir='ltr'><strong>tondemus</strong></span> <span class='ocrx_word' id='word_1_219' title='bbox 766 3112 874 3153; x_wconf 88' lang='lat' dir='ltr'><strong>omnes</strong></span> <span class='ocrx_word' id='word_1_220' title='bbox 896 3092 970 3154; x_wconf 85' lang='lat' dir='ltr'><strong>libri</strong></span> <span class='ocrx_word' id='word_1_221' title='bbox 991 3103 1119 3175; x_wconf 86' lang='lat' dir='ltr'><strong>praeter</strong></span> <span class='ocrx_word' id='word_1_222' title='bbox 1139 3094 1274 3170; x_wconf 77' lang='lat' dir='ltr'><strong>Thoan,</strong></span> <span class='ocrx_word' id='word_1_223' title='bbox 1303 3094 1415 3172; x_wconf 83' lang='lat' dir='ltr'><strong>Paria,</strong></span> <span class='ocrx_word' id='word_1_224' title='bbox 1437 3095 1484 3168; x_wconf 92' lang='grc' dir='ltr'>ΙΙ.,</span> 
     </span>
     <span class='ocr_line' id='line_1_28' title="bbox 309 3193 1112 3282; baseline -0.002 -23"><span class='ocrx_word' id='word_1_225' title='bbox 309 3196 442 3282; x_wconf 77' lang='lat' dir='ltr'><strong>Anglic,</strong></span> <span class='ocrx_word' id='word_1_226' title='bbox 463 3195 605 3280; x_wconf 79' lang='lat' dir='ltr'><strong>August,</strong></span> <span class='ocrx_word' id='word_1_227' title='bbox 626 3197 658 3254; x_wconf 89' lang='lat' dir='ltr'><strong>in</strong></span> <span class='ocrx_word' id='word_1_228' title='bbox 680 3196 793 3273; x_wconf 88' lang='lat' dir='ltr'><strong>quihus</strong></span> <span class='ocrx_word' id='word_1_229' title='bbox 816 3203 866 3254; x_wconf 89' lang='lat' dir='ltr'><strong>est</strong></span> <span class='ocrx_word' id='word_1_230' title='bbox 888 3193 1112 3258; x_wconf 85' lang='lat' dir='ltr'><strong>tondemus.</strong></span> 
     </span>
    </p>

    <p class='ocr_par' dir='ltr' id='par_1_7' title="bbox 310 3291 1567 3474">
     <span class='ocr_line' id='line_1_29' title="bbox 395 3291 1484 3377; baseline -0.006 -17"><span class='ocrx_word' id='word_1_231' title='bbox 395 3296 431 3360; x_wconf 92' lang='lat' dir='ltr'><strong>V.</strong></span> <span class='ocrx_word' id='word_1_232' title='bbox 446 3294 496 3360; x_wconf 82' lang='lat'><strong>29.</strong></span> <span class='ocrx_word' id='word_1_233' title='bbox 520 3294 568 3357; x_wconf 86' lang='lat' dir='ltr'><strong>Co</strong></span> <span class='ocrx_word' id='word_1_234' title='bbox 578 3302 731 3354; x_wconf 84' lang='lat' dir='ltr'><strong>mantea</strong></span> <span class='ocrx_word' id='word_1_235' title='bbox 746 3291 995 3375; x_wconf 82' lang='lat' dir='ltr'><strong>vulgo,coman</strong></span> <span class='ocrx_word' id='word_1_236' title='bbox 1005 3294 1208 3377; x_wconf 81' lang='lat' dir='ltr'><strong>tisAugust.,</strong></span> <span class='ocrx_word' id='word_1_237' title='bbox 1221 3292 1484 3371; x_wconf 82' lang='lat' dir='ltr'><strong>Petav.,Thuan.‚</strong></span> 
     </span>
     <span class='ocr_line' id='line_1_30' title="bbox 310 3386 1567 3474; baseline -0.007 -14"><span class='ocrx_word' id='word_1_238' title='bbox 310 3404 384 3462; x_wconf 85' lang='lat' dir='ltr'><strong>tert.</strong></span> <span class='ocrx_word' id='word_1_239' title='bbox 406 3398 540 3458; x_wconf 86' lang='lat' dir='ltr'><strong>Heinsio</strong></span> <span class='ocrx_word' id='word_1_240' title='bbox 564 3392 648 3474; x_wconf 90' lang='lat' dir='ltr'><strong>apud</strong></span> <span class='ocrx_word' id='word_1_241' title='bbox 669 3391 830 3454; x_wconf 87' lang='lat' dir='ltr'><strong>Nachium.</strong></span> <span class='ocrx_word' id='word_1_242' title='bbox 1566 3386 1567 3393; x_wconf 62' lang='lat'><em>&#39;</em></span> 
     </span>
    </p>

    <p class='ocr_par' dir='ltr' id='par_1_8' title="bbox 395 3492 1307 3579">
     <span class='ocr_line' id='line_1_31' title="bbox 395 3492 1307 3579; baseline 0 -21"><span class='ocrx_word' id='word_1_243' title='bbox 395 3497 430 3561; x_wconf 92' lang='lat' dir='ltr'><strong>V.</strong></span> <span class='ocrx_word' id='word_1_244' title='bbox 452 3495 502 3560; x_wconf 87' lang='lat'><strong>30.</strong></span> <span class='ocrx_word' id='word_1_245' title='bbox 526 3493 607 3575; x_wconf 76' lang='lat' dir='ltr'><strong>Quid</strong></span> <span class='ocrx_word' id='word_1_246' title='bbox 631 3493 753 3553; x_wconf 93' lang='lat' dir='ltr'><strong>dehoc</strong></span> <span class='ocrx_word' id='word_1_247' title='bbox 775 3511 868 3554; x_wconf 88' lang='lat' dir='ltr'><strong>versu</strong></span> <span class='ocrx_word' id='word_1_248' title='bbox 892 3492 1026 3555; x_wconf 90' lang='lat' dir='ltr'><strong>iudicem</strong></span> <span class='ocrx_word' id='word_1_249' title='bbox 1050 3515 1146 3578; x_wconf 89' lang='lat' dir='ltr'><strong>supra</strong></span> <span class='ocrx_word' id='word_1_250' title='bbox 1169 3497 1307 3579; x_wconf 88' lang='lat' dir='ltr'><strong>exposui.</strong></span> 
     </span>
    </p>

    <p class='ocr_par' dir='ltr' id='par_1_9' title="bbox 397 3593 1304 3678">
     <span class='ocr_line' id='line_1_32' title="bbox 397 3593 1304 3678; baseline -0.001 -18"><span class='ocrx_word' id='word_1_251' title='bbox 397 3595 432 3660; x_wconf 92' lang='lat' dir='ltr'><strong>V.</strong></span> <span class='ocrx_word' id='word_1_252' title='bbox 454 3594 505 3660; x_wconf 90' lang='lat'><strong>31.</strong></span> <span class='ocrx_word' id='word_1_253' title='bbox 528 3593 728 3656; x_wconf 86' lang='lat' dir='ltr'><strong>Succedet</strong></span> <span class='ocrx_word' id='word_1_254' title='bbox 749 3593 873 3658; x_wconf 85' lang='lat' dir='ltr'><strong>Thoan.</strong></span> <span class='ocrx_word' id='word_1_255' title='bbox 895 3616 964 3656; x_wconf 89' lang='lat' dir='ltr'><strong>curn</strong></span> <span class='ocrx_word' id='word_1_256' title='bbox 986 3599 1112 3678; x_wconf 82' lang='lat' dir='ltr'><strong>optimis</strong></span> <span class='ocrx_word' id='word_1_257' title='bbox 1135 3598 1304 3660; x_wconf 83' lang='lat' dir='ltr'><strong>codicibus.</strong></span> 
     </span>
    </p>

    <p class='ocr_par' dir='ltr' id='par_1_10' title="bbox 311 3693 1486 3880">
     <span class='ocr_line' id='line_1_33' title="bbox 396 3693 1486 3777; baseline 0 -21"><span class='ocrx_word' id='word_1_258' title='bbox 396 3694 432 3760; x_wconf 93' lang='lat' dir='ltr'><strong>V.</strong></span> <span class='ocrx_word' id='word_1_259' title='bbox 454 3693 505 3760; x_wconf 81' lang='lat'><strong>32.</strong></span> <span class='ocrx_word' id='word_1_260' title='bbox 535 3694 692 3756; x_wconf 83' lang='lat' dir='ltr'><strong>Cadunt</strong></span> <span class='ocrx_word' id='word_1_261' title='bbox 728 3696 848 3776; x_wconf 87' lang='lat' dir='ltr'><strong>optimi</strong></span> <span class='ocrx_word' id='word_1_262' title='bbox 866 3694 949 3759; x_wconf 88' lang='lat' dir='ltr'><strong>libri.</strong></span> <span class='ocrx_word' id='word_1_263' title='bbox 978 3697 1112 3773; x_wconf 73' lang='lat' dir='ltr'><strong>Thoan,</strong></span> <span class='ocrx_word' id='word_1_264' title='bbox 1140 3698 1239 3762; x_wconf 88' lang='lat' dir='ltr'><strong>Paris.</strong></span> <span class='ocrx_word' id='word_1_265' title='bbox 1268 3695 1314 3772; x_wconf 93' lang='grc' dir='ltr'>ΙΙ.,</span> <span class='ocrx_word' id='word_1_266' title='bbox 1345 3695 1486 3777; x_wconf 66' lang='grc' dir='ltr'>Αιιςιιιι,</span> 
     </span>
     <span class='ocr_line' id='line_1_34' title="bbox 311 3794 1257 3880; baseline 0.002 -22"><span class='ocrx_word' id='word_1_267' title='bbox 311 3794 412 3879; x_wconf 73' lang='lat' dir='ltr'><strong>Angl,</strong></span> <span class='ocrx_word' id='word_1_268' title='bbox 434 3796 568 3871; x_wconf 82' lang='lat' dir='ltr'><strong>Monac,</strong></span> <span class='ocrx_word' id='word_1_269' title='bbox 589 3794 612 3872; x_wconf 89' lang='lat' dir='ltr'><strong>l,</strong></span> <span class='ocrx_word' id='word_1_270' title='bbox 634 3794 669 3873; x_wconf 92' lang='grc' dir='ltr'><strong>ΙΙ,</strong></span> <span class='ocrx_word' id='word_1_271' title='bbox 693 3794 819 3858; x_wconf 86' lang='lat' dir='ltr'><strong>Vratisl.</strong></span> <span class='ocrx_word' id='word_1_272' title='bbox 841 3796 865 3870; x_wconf 93' lang='grc' dir='ltr'><strong>Ι,</strong></span> <span class='ocrx_word' id='word_1_273' title='bbox 886 3795 1050 3878; x_wconf 77' lang='lat' dir='ltr'><strong>Tegcrns,</strong></span> <span class='ocrx_word' id='word_1_274' title='bbox 1072 3798 1257 3880; x_wconf 82' lang='lat' dir='ltr'><strong>Weyhenst.</strong></span> 
     </span>
    </p>

    <p class='ocr_par' dir='ltr' id='par_1_11' title="bbox 312 3892 1486 4476">
     <span class='ocr_line' id='line_1_35' title="bbox 395 3892 1486 3980; baseline -0.002 -21"><span class='ocrx_word' id='word_1_275' title='bbox 395 3895 431 3959; x_wconf 90' lang='lat' dir='ltr'><strong>V.</strong></span> <span class='ocrx_word' id='word_1_276' title='bbox 453 3892 504 3961; x_wconf 88' lang='lat'><strong>34.</strong></span> <span class='ocrx_word' id='word_1_277' title='bbox 526 3896 607 3958; x_wconf 89' lang='lat' dir='ltr'><strong>Mihi</strong></span> <span class='ocrx_word' id='word_1_278' title='bbox 635 3915 698 3957; x_wconf 94' lang='lat' dir='ltr'><strong>non</strong></span> <span class='ocrx_word' id='word_1_279' title='bbox 727 3896 875 3957; x_wconf 87' lang='lat' dir='ltr'><strong>convenit</strong></span> <span class='ocrx_word' id='word_1_280' title='bbox 903 3915 972 3956; x_wconf 90' lang='lat' dir='ltr'><strong>eum</strong></span> <span class='ocrx_word' id='word_1_281' title='bbox 1000 3897 1133 3980; x_wconf 85' lang='lat' dir='ltr'><strong>Naekio‚</strong></span> <span class='ocrx_word' id='word_1_282' title='bbox 1164 3901 1217 3979; x_wconf 89' lang='lat' dir='ltr'><strong>qui</strong></span> <span class='ocrx_word' id='word_1_283' title='bbox 1244 3898 1368 3958; x_wconf 89' lang='lat' dir='ltr'><strong>minore</strong></span> <span class='ocrx_word' id='word_1_284' title='bbox 1388 3897 1486 3957; x_wconf 86' lang='lat' dir='ltr'><strong>inter-</strong></span> 
     </span>
     <span class='ocr_line' id='line_1_36' title="bbox 312 3980 1486 4079; baseline 0 -21"><span class='ocrx_word' id='word_1_285' title='bbox 312 3999 482 4079; x_wconf 86' lang='lat' dir='ltr'><strong>punctione</strong></span> <span class='ocrx_word' id='word_1_286' title='bbox 503 3980 771 4076; x_wconf 86' lang='lat' dir='ltr'><strong>nequicquam</strong></span> <span class='ocrx_word' id='word_1_287' title='bbox 793 3998 833 4055; x_wconf 93' lang='lat' dir='ltr'><strong>ah</strong></span> <span class='ocrx_word' id='word_1_288' title='bbox 855 3997 905 4068; x_wconf 84' lang='lat' dir='ltr'><strong>iis,</strong></span> <span class='ocrx_word' id='word_1_289' title='bbox 934 4014 1016 4074; x_wconf 91' lang='lat' dir='ltr'><strong>quae</strong></span> <span class='ocrx_word' id='word_1_290' title='bbox 1039 3999 1240 4074; x_wconf 88' lang='lat' dir='ltr'><strong>antecedunt,</strong></span> <span class='ocrx_word' id='word_1_291' title='bbox 1269 3999 1432 4078; x_wconf 85' lang='lat' dir='ltr'><strong>separavit</strong></span> <span class='ocrx_word' id='word_1_292' title='bbox 1452 4005 1486 4058; x_wconf 91' lang='lat' dir='ltr'><strong>et</strong></span> 
     </span>
     <span class='ocr_line' id='line_1_37' title="bbox 314 4095 1485 4178; baseline -0.001 -20"><span class='ocrx_word' id='word_1_293' title='bbox 314 4101 358 4158; x_wconf 81' lang='lat' dir='ltr'><strong>ric</strong></span> <span class='ocrx_word' id='word_1_294' title='bbox 386 4100 616 4178; x_wconf 88' lang='lat' dir='ltr'><strong>interpretatur</strong></span> <span class='ocrx_word' id='word_1_295' title='bbox 651 4097 859 4156; x_wconf 82' lang='lat' dir='ltr'><strong>sententiam:</strong></span> <span class='ocrx_word' id='word_1_296' title='bbox 894 4095 1014 4171; x_wconf 90' lang='lat' dir='ltr'><strong>„olim</strong></span> <span class='ocrx_word' id='word_1_297' title='bbox 1044 4117 1101 4159; x_wconf 92' lang='lat' dir='ltr'><strong>me</strong></span> <span class='ocrx_word' id='word_1_298' title='bbox 1129 4098 1287 4159; x_wconf 89' lang='lat' dir='ltr'><strong>domino</strong></span> <span class='ocrx_word' id='word_1_299' title='bbox 1318 4098 1485 4172; x_wconf 87' lang='lat' dir='ltr'><strong>felicio,</strong></span> 
     </span>
     <span class='ocr_line' id='line_1_38' title="bbox 314 4193 1485 4276; baseline 0.001 -20"><span class='ocrx_word' id='word_1_300' title='bbox 314 4197 383 4256; x_wconf 88' lang='lat' dir='ltr'><strong>sed</strong></span> <span class='ocrx_word' id='word_1_301' title='bbox 404 4200 673 4276; x_wconf 89' lang='lat' dir='ltr'><strong>nequicquam</strong></span> <span class='ocrx_word' id='word_1_302' title='bbox 690 4193 846 4268; x_wconf 87' lang='lat' dir='ltr'><strong>felicia,</strong></span> <span class='ocrx_word' id='word_1_303' title='bbox 869 4197 963 4272; x_wconf 89' lang='lat' dir='ltr'><strong>quia</strong></span> <span class='ocrx_word' id='word_1_304' title='bbox 986 4196 1259 4272; x_wconf 79' lang='lat' dir='ltr'><strong>olimfciicia,</strong></span> <span class='ocrx_word' id='word_1_305' title='bbox 1281 4218 1387 4258; x_wconf 92' lang='lat' dir='ltr'><strong>nunc</strong></span> <span class='ocrx_word' id='word_1_306' title='bbox 1409 4217 1485 4257; x_wconf 95' lang='lat' dir='ltr'><strong>non</strong></span> 
     </span>
     <span class='ocr_line' id='line_1_39' title="bbox 314 4293 1485 4380; baseline 0.001 -25"><span class='ocrx_word' id='word_1_307' title='bbox 314 4299 435 4357; x_wconf 86' lang='lat' dir='ltr'><strong>sunt.“</strong></span> <span class='ocrx_word' id='word_1_308' title='bbox 480 4299 546 4380; x_wconf 77' lang='lat' dir='ltr'><strong>Ego</strong></span> <span class='ocrx_word' id='word_1_309' title='bbox 570 4315 645 4357; x_wconf 86' lang='lat' dir='ltr'><strong>vero</strong></span> <span class='ocrx_word' id='word_1_310' title='bbox 667 4295 778 4354; x_wconf 88' lang='lat' dir='ltr'><strong>maiori</strong></span> <span class='ocrx_word' id='word_1_311' title='bbox 801 4293 1004 4354; x_wconf 88' lang='lat' dir='ltr'><strong>distinctione</strong></span> <span class='ocrx_word' id='word_1_312' title='bbox 1027 4296 1072 4354; x_wconf 93' lang='lat' dir='ltr'><strong>uti</strong></span> <span class='ocrx_word' id='word_1_313' title='bbox 1094 4293 1211 4371; x_wconf 88' lang='lat' dir='ltr'><strong>malim,</strong></span> <span class='ocrx_word' id='word_1_314' title='bbox 1235 4315 1295 4372; x_wconf 89' lang='lat' dir='ltr'><strong>quo</strong></span> <span class='ocrx_word' id='word_1_315' title='bbox 1322 4298 1485 4373; x_wconf 89' lang='lat' dir='ltr'><strong>nequic-</strong></span> 
     </span>
     <span class='ocr_line' id='line_1_40' title="bbox 315 4392 1485 4476; baseline 0.002 -22"><span class='ocrx_word' id='word_1_316' title='bbox 315 4413 426 4473; x_wconf 89' lang='lat' dir='ltr'><strong>quam</strong></span> <span class='ocrx_word' id='word_1_317' title='bbox 447 4415 505 4475; x_wconf 89' lang='lat' dir='ltr'><strong>per</strong></span> <span class='ocrx_word' id='word_1_318' title='bbox 520 4414 555 4456; x_wconf 88' lang='lat' dir='ltr'><strong>se</strong></span> <span class='ocrx_word' id='word_1_319' title='bbox 570 4393 698 4475; x_wconf 91' lang='lat' dir='ltr'><strong>plenam</strong></span> <span class='ocrx_word' id='word_1_320' title='bbox 714 4394 903 4454; x_wconf 86' lang='lat' dir='ltr'><strong>sententiam</strong></span> <span class='ocrx_word' id='word_1_321' title='bbox 919 4392 1049 4467; x_wconf 84' lang='lat' dir='ltr'><strong>efficiat,</strong></span> <span class='ocrx_word' id='word_1_322' title='bbox 1071 4411 1164 4469; x_wconf 89' lang='lat' dir='ltr'><strong>quam</strong></span> <span class='ocrx_word' id='word_1_323' title='bbox 1179 4394 1230 4453; x_wconf 88' lang='lat' dir='ltr'><strong>his</strong></span> <span class='ocrx_word' id='word_1_324' title='bbox 1248 4397 1354 4456; x_wconf 85' lang='lat' dir='ltr'><strong>verbis</strong></span> <span class='ocrx_word' id='word_1_325' title='bbox 1378 4394 1485 4476; x_wconf 91' lang='lat' dir='ltr'><strong>eliipsi</strong></span> 
     </span>
    </p>
   </div>
   <div class='ocr_carea' id='block_1_4' title="bbox 0 0 1753 4967">
    <p class='ocr_par' dir='ltr' id='par_1_12' title="bbox 0 0 1753 4967">
     <span class='ocr_line' id='line_1_41' title="bbox 0 0 1753 4967; baseline 0 0"><span class='ocrx_word' id='word_1_326' title='bbox 0 0 1753 4967; x_wconf 95' lang='lat' dir='ltr'><strong> </strong></span> 
     </span>
    </p>
   </div>
  </div>
 </body>
</html>
