3484 4967
816 531 859 594 24

738 617 939 627 --——---

252 696 378 758 dicam
403 697 582 758 mutandum
607 702 664 759 est.
709 698 775 782 llgo
799 699 926 760 discedo
950 717 969 759 a
991 696 1111 758 Naakio
1133 705 1228 776 atque
1251 717 1306 758 cos
1328 695 1440 760 libros.

252 815 376 877 sequor,
399 799 452 876 qul
475 800 624 878 scriptum
647 798 782 860 liabent:

376 897 417 956 llt
439 915 590 958 convena
614 905 699 958 retro
722 919 826 959 rerum
849 897 1006 959 discordia
1028 896 1143 982 gliscet

378 994 474 1057 multa
497 1000 596 1078 prius,
617 998 716 1060 fuerit
737 1017 828 1078 quam
851 1018 914 1058 non
937 1017 1008 1058 mea
1030 997 1132 1057 libera
1153 1014 1264 1059 avana.

337 1094 382 1156 Ac
404 1114 445 1156 ne
467 1095 565 1157 solam
590 1100 726 1160 virorum
749 1099 910 1160 doctorum
933 1104 967 1159 et
987 1095 1179 1177 quorundam
1194 1097 1343 1158 librorum
1358 1116 1430 1158 anc-

253 1195 413 1259 toritatem
430 1199 518 1276 sequi
536 1197 656 1275 videar,
677 1201 818 1260 rationes
835 1197 1001 1260 addendae
1014 1196 1170 1270 videntur,
1193 1200 1304 1276 quihus
1318 1197 1430 1258 ductus

253 1295 299 1355 ita
321 1297 518 1358 scribendum
543 1317 614 1358 esse
637 1300 823 1378 putaverim.
851 1288 1098 1380 'comparentur
1128 1315 1238 1358 versus
1260 1294 1430 1376 98-101,

256 1395 308 1456 ubi
330 1406 463 1476 quatuor
485 1399 642 1459 subiecta:
672 1395 788 1474 dulcia,
817 1395 935 1474 mollia,
964 1397 1108 1476 candida,
1137 1396 1269 1458 dextera
1290 1398 1431 1476 itemque

256 1503 391 1575 quatuor
413 1499 612 1579 praedicata:
637 1516 755 1576 amara,
778 1499 867 1574 dura,
888 1501 989 1582 nigra,
1017 1497 1111 1558 laeva
1131 1498 1344 1573 inveniuntur,
1365 1504 1432 1558 tum

256 1594 377 1658 dnobus
392 1601 598 1678 sequentibus
614 1600 757 1662 versibus
771 1599 905 1661 eandam
921 1601 1111 1661 sententiam
1127 1599 1294 1659 enunciato
1309 1596 1431 1659 latioris

256 1698 391 1759 ambitus
421 1709 517 1780 poeta
546 1700 771 1782 complectitur.
821 1700 855 1760 Si
886 1706 994 1759 nostro
1022 1697 1092 1758 loco
1123 1695 1246 1758 mirlta
1275 1716 1332 1777 pro
1360 1715 1431 1781 gan,

256 1804 357 1860 neutr.
371 1798 519 1878 habetur,
541 1805 681 1882 quinque
704 1802 846 1861 rrrbiecta
869 1808 902 1860 et
917 1801 1055 1878 quinque
1070 1795 1253 1878 praedicata
1268 1805 1432 1878 apparent.

256 1897 300 1957 Ut
321 1899 499 1978 aequalitas
522 1904 721 1984 stropharum
743 1908 900 1975 servetur,
922 1898 1046 1961 multa
1068 1917 1125 1979 pro
1146 1916 1217 1982 gen.
1231 1898 1305 1960 fem.
1319 1898 1433 1959 haberi

258 1996 363 2062 debet.
406 1999 569 2063 commate
590 2010 661 2084 post
683 2001 796 2086 gliscet
825 2003 928 2083 posito
950 2000 1062 2062 inferri
1086 1997 1228 2060 videmur
1250 1997 1433 2082 generalem

259 2101 461 2176 sententiam,
483 2103 532 2161 cui
547 2103 579 2162 in
596 2100 706 2163 ultima
721 2103 850 2182 stropha
866 2098 945 2161 nihil
957 2098 1138 2180 respondet.
1172 2098 1276 2177 Quid?
1297 2107 1434 2181 poetam,

259 2218 353 2278 quum
369 2203 605 2263 accuratissime
618 2199 741 2286 singula
758 2199 889 2287 singulis
902 2198 1096 2280 respondere
1112 2195 1223 2276 vellet,
1235 2199 1435 2286 negligenter

260 2301 366 2383 egisse
388 2304 557 2382 putemus?
584 2301 725 2377 Accedit,
748 2301 830 2382 quod
853 2300 893 2362 ad
917 2298 1042 2361 multa
1064 2301 1177 2380 prius
1199 2308 1255 2360 aut
1275 2301 1435 2362 fuerint

261 2406 316 2459 aut
343 2402 451 2463 flent
480 2402 621 2484 suppleri
652 2411 785 2485 oportet.
828 2402 897 2464 Non
925 2407 975 2463 est
1002 2401 1063 2460 hoc
1092 2417 1251 2476 „nervosa
1274 2402 1436 2463 brevitas“

261 2499 318 2560 sed
340 2503 408 2562 sine
430 2521 528 2563 nervo
551 2509 583 2563 et
606 2502 738 2564 elumbis
759 2501 943 2586 tautologia.
978 2498 1185 2560 Scribcndum
1208 2506 1278 2562 erat
1298 2503 1434 2564 omnia.

262 2599 354 2677 Quod
383 2603 431 2660 vir
465 2600 573 2664 doctus
606 2622 625 2663 e
658 2604 781 2664 Graeco
813 2603 924 2664 affort:
959 2599 1061 2664 πάντα
1093 2595 1238 2664 δ’ἔνιλλα
1265 2597 1386 2680 γένοιτο
1416 2622 1436 2664 a

262 2698 386 2762 multa
409 2704 522 2782 prius
545 2704 667 2783 (fient
689 2712 742 2763 aut
763 2703 948 2781 iruerint),
974 2704 1000 2762 si
1030 2704 1217 2764 sententium
1246 2709 1437 2782 spectemus,

261 2799 509 2864 diversissimum
526 2810 584 2867 est.
606 2804 748 2882 Denique
770 2804 946 2865 sententiar
968 2801 1092 2864 multa
1113 2804 1229 2884 prins
1249 2801 1360 2862 fiant
1382 2804 1437 2862 ab·

261 2901 354 2964 surda
377 2910 434 2967 est.
472 2905 550 2982 Quis
573 2907 692 2983 estqui
714 2902 847 2980 dubitet,
869 2905 944 2982 quin
967 2901 1063 2965 multa
1086 2903 1157 2964 fleri
1178 2901 1311 2983 possint,
1332 2903 1438 2962 omnia

260 3009 365 3064 autem
387 3005 457 3065 lieri
479 3022 574 3085 posse
596 3025 687 3066 neruo
711 3011 798 3066 certe
821 3005 1001 3068 affirmabit.
1035 3004 1078 3064 Et
1098 3009 1203 3071 tamen
1219 3009 1316 3082 poeta
1329 3001 1437 3064 dicere

263 3101 376 3182 voluit,
399 3123 437 3164 ea
459 3123 543 3182 quae
565 3106 636 3167 fieri
658 3107 875 3185 nonpossint,
898 3105 985 3185 prius
1008 3101 1078 3163 fore
1101 3108 1135 3163 ut
1148 3102 1237 3181 fiant,
1260 3121 1352 3182 quam
1369 3105 1438 3165 clus

261 3221 364 3282 avena
391 3201 494 3264 libera
522 3225 584 3265 nou
614 3207 655 3265 sit
683 3206 797 3268 littura.
847 3205 894 3264 [ds
922 3206 973 3264 liis
1002 3206 1080 3266 satis
1108 3202 1308 3287 intelligitur,
1341 3205 1440 3266 verba

262 3301 388 3364 multa
417 3305 530 3383 prius
559 3324 628 3365 cum
657 3325 683 3366 v.
713 3303 733 3366 6
768 3322 862 3364 unam
898 3322 1030 3383 eamque
1062 3307 1218 3389 integram
1248 3307 1439 3366 sententiam

264 3405 394 3465 efficere
417 3410 450 3464 et
472 3401 594 3464 multa
616 3404 655 3464 ad
685 3401 893 3463 discordia
920 3404 1035 3465 referri
1056 3405 1185 3468 debere.
1228 3403 1356 3468 Multa
1378 3405 1440 3464 hoc
1509 3427 1515 3441 ·

263 3505 333 3566 loco
347 3503 562 3586 προιηπτικῶς
577 3504 692 3565 dictum
710 3521 782 3564 csse
796 3505 1005 3564 certissimum
1022 3511 1088 3566 est:
1104 3503 1262 3567 discordia
1276 3502 1446 3589 glisccndo'

264 3605 362 3668 multa
384 3607 449 3669 liet.
493 3603 642 3665 Videmus
663 3606 758 3687 igitur
780 3609 874 3666 etiam
896 3605 1048 3667 hocloco
1071 3607 1256 3692 gliscere
1278 3606 1441 3686 propriam

185 3711 189 3720 '
264 3727 353 3767 suam
369 3710 430 3776 viru
447 3704 610 3767 crescendi
625 3707 719 3781 tueri,
741 3725 814 3781 non,
836 3724 917 3784 quae
932 3706 1045 3768 Naekii
1060 3709 1166 3787 opinio
1178 3715 1239 3781 est,
1259 3704 1443 3787 incipiendi,
1571 3740 1572 3761 r

265 3807 399 3870 oriundi.
448 3804 634 3866 Huiusmodi
663 3812 768 3866 autem
809 3804 965 3886 prolepsis
994 3825 1099 3887 neque
1128 3807 1211 3889 apud
1239 3807 1380 3869 Graecos
1408 3815 1444 3866 et

265 3909 395 3971 Latinos
418 3918 530 3989 poetas
553 3925 624 3967 rara
647 3913 706 3982 est,
732 3916 767 3966 ct
788 3908 856 3985 ipse
878 3910 974 3986 poeta
997 3923 1090 3966 versu
1114 3905 1154 3969 16
1183 3907 1295 3968 eadem
1318 3905 1445 3966 dicendi

265 4010 367 4092 ligura
391 4027 465 4068 usus
489 4015 554 4067 est:
577 4005 701 4067 Pallida
721 4007 896 4068 flavescant
917 4013 1007 4066 aestu
1031 4007 1172 4069 sitientia
1194 4018 1285 4089 prata
1302 4011 1321 4072 i.
1337 4027 1365 4072 e.
1385 4009 1445 4070 lla-

267 4107 426 4169 vesceudo
449 4107 571 4189 pallida
592 4109 678 4168 liant.
708 4106 754 4168 Ac
770 4108 798 4166 si
819 4106 889 4184 quis
912 4091 973 4167 lroc
995 4106 1070 4168 milri
1093 4109 1230 4184 obiiciat,
1252 4108 1445 4171 adiectivum

266 4207 412 4270 multus
435 4227 495 4269 non
520 4209 601 4267 bene
624 4207 685 4267 dici
709 4205 748 4265 de
771 4207 810 4265 iis
832 4206 938 4285 rebus,
967 4224 1048 4284 qrrae
1070 4205 1138 4266 solo
1161 4209 1262 4290 gradu
1284 4208 1446 4286 differant,

268 4307 370 4388 qrralis
401 4315 450 4366 est
480 4307 647 4377 discordia,
677 4304 734 4366 sed
765 4304 805 4365 de
832 4307 882 4379 iis,
912 4324 996 4383 quae
1023 4323 1151 4366 numero
1181 4315 1215 4367 ct
1243 4308 1446 4371 multitudine

268 4410 497 4482 discernantur,
518 4409 545 4466 is
560 4405 656 4467 velim
673 4403 863 4480 consideret,
885 4406 981 4465 menti
997 4411 1113 4484 poetae
1129 4407 1293 4468 obversari
1308 4409 1447 4470 omnium
1569 4466 1570 4477 ,
