3484 4967
868 548 909 615 19

470 715 497 779 0
520 715 601 780 mele
624 716 743 794 devoti,
764 725 945 799 praetorum
967 718 1107 794 crimina,
1128 717 1235 803 agelli,

465 829 565 899 tuque
586 819 714 879 inimice
736 820 782 879 tni
805 838 932 901 semper
954 818 1112 882 discordia
1134 821 1231 902 cirisi

466 918 556 980 exsul
579 938 638 1003 ego
660 917 869 995 indemnatus,
892 938 990 1004 egens
1012 939 1083 982 mee
1105 939 1179 981 rura
1200 917 1327 1000 reliqui,

464 1019 556 1085 mites
578 1027 614 1082 ut
635 1021 771 1102 accipiet
792 1020 912 1082 funesti
932 1021 1077 1103 praemis
1098 1018 1185 1084 belli.

383 1173 566 1234 Extremum
591 1190 717 1234 carmen
740 1190 937 1252 revocemus,
958 1173 1097 1249 Bettnre,
1119 1189 1231 1234 erens.

461 1323 544 1385 Hinc
566 1344 625 1408 ego
647 1324 688 1386 de
710 1322 831 1386 tumulo
853 1343 926 1386 mee
946 1344 1021 1387 rnre
1041 1325 1214 1386 novissime
1236 1324 1346 1402 visum,

462 1426 536 1487 hinc
557 1426 609 1486 ibn
631 1426 664 1485 in
687 1423 802 1485 silvest
824 1426 996 1486 obstabunt
1015 1427 1077 1486 ism
1098 1424 1176 1484 mihi
1198 1422 1308 1504 celles,

464 1525 633 1584 obstabunt
654 1530 793 1598 montes,
815 1543 943 1607 campos
965 1524 1077 1586 cndire
1098 1522 1223 1587 licebit:

464 1622 569 1683 drrlcin
588 1642 663 1684 rurs
683 1622 791 1686 valete
813 1632 846 1686 et
867 1624 969 1706 Lydia
990 1624 1111 1686 dulcior
1131 1623 1196 1685 iilis

465 1731 498 1785 et
520 1725 599 1784 cesti
621 1724 726 1785 fontes
749 1733 782 1786 et
804 1724 882 1786 felin
903 1744 1017 1786 numen
1039 1723 1154 1809 egellis
1323 1721 1393 1802 (90)
1410 1721 1472 1784 115

464 1824 1296 1908 quemvisigniseris,quemvissqun,sempsremstro,
1379 1820 1471 1897 (102)

462 1923 576 2008 gaudis
598 1944 724 2006 semper
746 1927 828 1986 enim
850 1933 905 1986 tus
926 1944 976 1986 me
997 1925 1179 1985 meminisse
1202 1922 1320 1987 licebit
1380 1919 1471 2002 (103)

378 2076 558 2138 Extremum
582 2095 706 2139 carmen
728 2096 924 2156 revocemus,
946 2075 1088 2150 Bettere,
1110 2095 1223 2140 evene.

459 2227 609 2306 Tardius,
631 2230 673 2291 eh
698 2231 850 2307 missrsc,
877 2228 1064 2292 descendite
1086 2238 1195 2290 monte
1217 2225 1371 2309 capellae,

459 2329 568 2390 mollis
588 2350 650 2391 nun
671 2332 788 2391 iterum
810 2332 950 2411 carpetis
970 2326 1088 2410 pabule
1109 2335 1197 2405 nota,
1408 2324 1470 2388 120

423 2449 427 2456 ·
458 2436 557 2508 tnqne
578 2429 693 2491 resiste
715 2437 814 2510 peter.
856 2429 906 2489 un
928 2429 1030 2510 prime
1050 2429 1222 2492 norissima
1243 2428 1333 2491 nubis

458 2532 585 2591 intueor
604 2548 730 2612 campos
751 2528 897 2613 lengumr
918 2535 1025 2590 menet
1046 2547 1119 2591 esse
1141 2531 1211 2591 sinc
1232 2525 1307 2592 illis.

459 2630 545 2693 Rura
566 2629 673 2692 valete
694 2633 809 2692 iterum
831 2637 940 2710 tuque,
962 2631 1080 2710 optime
1101 2628 1212 2710 Lydis,
1233 2627 1339 2692 salver
1398 2626 1468 2703 (95)

455 2833 525 2892 sive
548 2832 612 2892 eris
634 2838 668 2892 et
689 2833 716 2890 si
737 2849 811 2906 nun,
832 2849 954 2891 mecum
976 2831 1132 2907 morieris,
1153 2837 1331 2910 utrumqne.
1406 2824 1467 2890 125

372 2983 553 3044 Extremum
577 2999 700 3043 carmen
723 2999 919 3058 revocemus,
941 2981 1081 3058 Battere,
1103 2966 1219 3051 evene,

456 3133 566 3196 Dulcia
588 3151 697 3195 smera
717 3135 807 3216 prins
827 3135 908 3195 fient
928 3145 963 3197 et
983 3132 1093 3195 mullis
1114 3133 1203 3212 dure,

457 3233 590 3297 candide
612 3236 702 3320 nigre
723 3231 806 3296 oculi
829 3241 961 3296 cernunt
982 3242 1016 3297 et
1037 3235 1169 3298 dextere
1189 3234 1295 3312 laeva,

456 3317 635 3420 migrabunt
656 3323 750 3398 cesus
769 3332 877 3397 eliens
898 3337 931 3396 in
954 3354 1086 3417 corpure
1107 3356 1229 3398 rerum:
1374 3331 1465 3412 (100)

456 3444 624 3516 quamtus
647 3436 688 3499 de
710 3438 826 3499 nostris
850 3437 986 3520 emigret
1009 3455 1083 3499 curs
1105 3433 1264 3498 medullis.
1404 3430 1466 3495 130
