3484 4967
740 507 850 575 ι31

727 597 931 610 ..ῳ-ψ...-

328 685 365 750 V.
378 683 421 749 60
442 702 499 764 pro
523 680 633 742 canis
656 677 753 743 Paris.
770 680 819 756 ΙΙΙ,
844 681 926 741 liber
948 698 1009 740 non
1026 674 1284 751 contemnendus,
1306 677 1418 739 cavis

245 790 354 862 babet,
376 804 439 866 qua
460 783 598 844 lectione
619 783 717 842 bonus
741 800 853 842 sensus
877 781 1022 842 eflicitur.

333 885 369 949 V.
392 884 442 947 66.
476 883 566 943 Hunc
593 901 718 944 versum
749 900 852 961 neque
876 879 916 940 ad
938 877 1161 941 antecedentia
1182 896 1286 956 neque
1308 876 1349 938 ad
1370 895 1421 938 se·

246 988 379 1067 quentia
407 990 514 1066 aptum
544 1002 618 1044 esse
648 1001 746 1063 supra
773 982 917 1045 vidimus.
960 981 1071 1041 Utrum
1094 985 1199 1039 antem
1223 978 1357 1055 dictis,
1379 997 1420 1039 an

246 1089 355 1148 Ditis
384 1105 423 1146 an
454 1085 559 1145 dicis
575 1082 763 1144 cribendum
788 1085 838 1157 sit,
867 1081 996 1142 decerni
1018 1099 1080 1140 non
1103 1086 1220 1159 potest,
1241 1099 1335 1157 ιμιιιιιι
1358 1078 1422 1139 duo

246 1193 419 1266 sequentes
448 1203 559 1246 versus
588 1184 770 1245 exciderint.
821 1181 887 1242 Sed
915 1189 1021 1242 tamen
1050 1181 1149 1262 magis
1178 1178 1285 1259 placet
1314 1179 1421 1239 Ditis

245 1291 445 1366 antiquorum
467 1283 617 1347 codicum.
661 1283 745 1345 Ante
767 1303 795 1344 v.
819 1279 860 1344 70
881 1302 975 1342 unum
998 1299 1124 1342 versrrm
1148 1279 1303 1340 excidisse
1324 1297 1422 1361 supra

245 1385 389 1449 vidimus.

332 1490 368 1551 V.
391 1485 545 1565 inprimi
575 1483 721 1544 vocabuli
742 1486 774 1544 in
802 1482 893 1544 libris
922 1483 1049 1562 scriptis
1077 1483 1156 1542 mira
1179 1488 1229 1542 est
1250 1484 1423 1562 scripturae
1455 1525 1460 1532 .

244 1589 454 1670 perturbatio,
484 1603 577 1663 quarn
605 1584 658 1644 hic
685 1591 784 1644 totam
814 1602 965 1665 propono,
995 1584 1140 1660 orroniam
1168 1601 1359 1665 magnopere
1381 1580 1423 1642 ad

246 1707 348 1749 meam
371 1684 411 1745 de
434 1683 503 1745 loco
526 1686 715 1746 sententiam
738 1685 932 1764 probandum
953 1683 1086 1745 confert.
1128 1676 1276 1756 „ldditnm
1307 1683 1423 1761 ubique

248 1788 431 1866 Occupet
453 1793 533 1861 erat,
554 1788 613 1845 nisi
636 1784 719 1866 quod
742 1783 926 1866 Occupat
947 1784 1098 1845 mendose
1120 1785 1152 1844 in
1176 1783 1299 1844 Veneto
1314 1783 1423 1845 Achai.

246 1887 289 1950 At
311 1886 387 1966 quid
401 1884 473 1946 libri
489 1887 595 1966 scripti
612 1886 753 1965 antiquit
777 1885 948 1946 Coculet
969 1885 1105 1967 arguti
1121 1883 1173 1944 vel
1190 1882 1425 1945 Coculetar·

247 1989 347 2072 goti,
369 1986 491 2047 Gocnl
515 1987 710 2068 ctarguti‚
733 1987 871 2046 confusis
894 1984 1036 2066 syllabis,
1059 1985 1179 2059 Petav,
1201 1985 1298 2048 Paris.
1315 1986 1350 2059 ΙΙ,
1373 1985 1426 2061 ΙΙΙ,

247 2087 389 2170 August,
411 2085 534 2147 Monac.
551 2084 573 2158 l,
590 2085 626 2160 ll,
648 2085 812 2168 Tegerns,
835 2086 1020 2167 Weybenrt.
1043 2084 1216 2168 (ingulet
1239 2086 1292 2146 vel
1308 2087 1425 2165 potius,

247 2188 388 2248 Lasscno
412 2193 507 2260 teste,
530 2185 675 2268 cognle
698 2190 855 2270 targnti
885 2188 1010 2251 Thoan.
1044 2186 1224 2249 Concnlc
1246 2184 1313 2268 (vel
1336 2205 1424 2246 con-

248 2285 354 2367 tule)
383 2287 540 2366 targuti
570 2286 660 2346 Paris
682 2286 732 2348 lV.
763 2287 1014 2348 Conculcent
1041 2289 1181 2370 arguti
1207 2287 1292 2349 Med.
1330 2285 1424 2347 Cou-

251 2384 396 2448 cbulae
425 2385 491 2444 ubi
521 2403 549 2446 a.
578 2384 667 2447 Voss.
696 2384 716 2446 l.
746 2383 962 2450 Conculae.
993 2394 1026 2447 et
1049 2407 1076 2450 a.
1104 2386 1225 2470 singlis.
1254 2386 1424 2448 Occulet

248 2488 338 2548 Vrat.
359 2483 401 2547 l.“
445 2485 491 2544 lix
518 2484 569 2545 his
592 2485 700 2545 formis
728 2485 867 2547 editores
896 2495 952 2548 aut
980 2494 1152 2569 occupet
1178 2493 1233 2547 aut
1254 2487 1425 2547 occubet

248 2581 417 2670 (Naeltiur)
439 2585 592 2648 fecerunt.
637 2584 679 2646 At
707 2585 853 2646 librarios
882 2593 945 2646 tam
974 2588 1136 2669 imperitos
1159 2589 1313 2651 sermonis
1334 2585 1426 2647 latini

248 2688 361 2761 fuisse,
390 2693 424 2746 ut
452 2703 506 2748 eos
536 2688 634 2748 verba
656 2688 861 2748 usitatissima
884 2695 917 2748 et
937 2688 1195 2769 frequentissima
1224 2705 1426 2768 occupare

250 2797 283 2850 et
305 2788 503 2848 occubere
525 2785 640 2848 fallere
662 2791 847 2867 potuerint?
868 2790 936 2872 ugo
951 2811 1013 2850 non
1029 2791 1134 2853 credo.
1161 2791 1329 2850 Lectiones
1343 2789 1427 2848 istae

251 2885 474 2948 ex‘rocabulo
505 2894 595 2945 ortae
632 2895 715 2962 sunt,
746 2889 830 2965 quod
858 2908 919 2947 non
954 2890 1106 2967 frequens
1134 2888 1273 2949 librariis
1302 2888 1428 2947 obvium

250 2994 328 3049 erut.
352 2986 495 3045 Proxime
519 2985 559 3045 ad
583 3005 690 3048 verum
713 2989 787 3047 mibi
812 2986 937 3048 videtur
959 2975 1113 3050 accedere
1136 2989 1262 3063 Voral,
1284 2989 1427 3066 requitur

249 3084 454 3170 Anglicanus,
475 3092 539 3146 tum
562 3086 726 3148 Parisinus
741 3088 791 3150 lV.
824 3087 868 3147 Ut
890 3090 1029 3149 breviter
1052 3088 1165 3164 dicam,
1186 3090 1334 3169 scriptum
1358 3093 1428 3148 erut

250 3185 452 3249 conchula
474 3191 530 3261 et,
553 3187 635 3248 unde
658 3189 783 3249 abiecta
804 3189 836 3247 in
866 3186 1003 3269 legendo
1033 3186 1154 3268 syllaba
1176 3209 1211 3265 a,
1238 3188 1355 3248 facturn
1378 3192 1428 3246 est

250 3284 423 3349 conchnl
446 3282 526 3369 et.*)
553 3287 614 3348 Ubi
636 3296 742 3350 autern
764 3310 784 3350 u
806 3291 839 3349 ln
862 3287 1064 3350 conchula
1088 3287 1188 3364 deest,
1210 3290 1329 3371 pereo
1348 3286 1427 3347 indi-

249 3395 354 3449 catum
382 3392 472 3461 erat;
516 3407 576 3467 quo
606 3386 763 3474 neglecto,
799 3388 943 3469 reliquae
978 3391 1163 3469 scripturae,
1197 3397 1232 3449 ut
1265 3385 1429 3449 coculet

250 3485 304 3570 (=
335 3485 531 3550 conchula
554 3487 608 3573 et)
638 3497 728 3552 ortae
757 3496 838 3552 sunt.
890 3489 997 3551 Possit
1019 3491 1116 3549 etiam
1145 3508 1202 3570 pro
1226 3486 1428 3549 conchula

250 3587 347 3648 scribi
378 3585 545 3648 cochlea
576 3596 626 3666 et,
663 3590 721 3648 sed
750 3591 875 3651 obstant
896 3588 980 3664 libri,
1008 3591 1040 3648 in
1070 3590 1182 3668 quibus
1204 3588 1328 3669 syllaba
1350 3608 1426 3650 con

251 3689 368 3766 scripta
392 3692 448 3748 est.
488 3688 576 3765 Quae
599 3689 737 3750 sirecte
760 3687 886 3770 disputa
908 3694 991 3763 sunt,
1014 3687 1096 3767 quod
1118 3690 1276 3749 neminem
1298 3695 1428 3772 negatu-

249 3807 319 3850 rum
341 3806 413 3848 erre
436 3786 570 3865 conlido,
592 3790 745 3868 sequitur,
767 3797 803 3850 ut
816 3797 889 3872 post
905 3809 1026 3852 versum
1042 3786 1083 3852 74
1104 3788 1258 3870 quaedam
1273 3787 1428 3849 excidisse

250 3892 437 3965 statuamus,
460 3907 543 3969 qnae
565 3890 753 3952 sententiam
775 3890 955 3953 reddebant
975 3889 1112 3972 plenam.
1148 3890 1211 3951 ianr
1234 3887 1336 3964 vides,
1357 3904 1428 3946 sen-

249 3987 383 4050 tentiam
411 4007 523 4066 meam,
559 4008 653 4070 quam
676 4009 772 4072 snpra
799 3990 931 4053 deloco
954 3993 1114 4072 proposui,
1150 3991 1246 4052 etiam
1275 3987 1427 4049 librorum

249 4089 437 4171 scriptorum
461 4092 652 4153 auctoritate
675 4093 860 4156 confirmari.

256 4190 661 4205 Ἣ

317 4237 347 4302 *)
365 4238 506 4292 Librarius
531 4241 604 4294 enim
629 4243 746 4310 scripsit,
771 4250 801 4296 ut
823 4241 1035 4312 pronunciabat:
1062 4241 1223 4296 concbul'et
1264 4239 1376 4294 Simiter
1399 4238 1427 4291 in

248 4325 406 4388 Augustano
429 4339 451 4374 v.
475 4319 509 4376 79
531 4325 660 4392 scriptum
684 4333 727 4381 est
752 4326 820 4380 und
843 4329 969 4394 elapsa
992 4343 1041 4394 pro
1065 4326 1159 4381 unde
1184 4328 1325 4391 elapsa,
1350 4331 1379 4376 et
1396 4323 1423 4375 in

184 4481 188 4488 Ι
249 4403 546 4473 aliisundelapsa.
