3484 4967
468 1134 905 1297 ADNOTATA
970 1139 1078 1272 AD
1113 1137 1365 1278 DlRAS.

400 1409 455 1473 Vn.
472 1411 502 1484 6,
518 1409 536 1472 7
559 1413 590 1470 in
614 1409 809 1472 difficillimis
825 1414 923 1472 totius
942 1413 1089 1473 carminis
1110 1412 1257 1476 liabetur.
1281 1411 1399 1472 Omnes
1412 1409 1495 1470 enim

315 1509 494 1584 viridanti,
524 1513 576 1589 qui
606 1513 638 1569 ln
661 1511 745 1570 llinis
776 1510 982 1570 emendandis
1011 1511 1225 1588 elaborarunt,
1254 1509 1335 1572 alius
1357 1508 1422 1571 alla
1444 1510 1497 1569 vin

316 1620 371 1670 aut
393 1609 543 1670 librorum
566 1613 847 1692 manuscriptorum
876 1619 931 1670 aut
960 1615 1162 1674 coniecturae
1185 1611 1301 1674 auxilio
1323 1610 1365 1672 ad
1387 1626 1495 1671 verum

315 1717 487 1792 penetrare
509 1712 699 1773 nitebantur.
734 1711 845 1789 Neque
860 1711 973 1772 Naelrii
996 1715 1169 1782 novissima
1190 1711 1253 1773 loci
1272 1710 1439 1791 explicatio
1454 1710 1496 1787 ei,

315 1813 369 1890 qui
398 1814 502 1872 omnia
529 1809 699 1896 diligenter
721 1811 910 1892 perpendat,
939 1815 1127 1875 satisfacere
1156 1819 1270 1893 potest.
1313 1807 1378 1870 Sed
1407 1810 1495 1889 prius

314 1929 408 1990 qnam
431 1929 531 1973 meam
551 1911 600 1974 de
627 1911 698 1976 loco
726 1914 918 1973 senientiam
947 1931 1132 1996 proponam,
1161 1913 1335 1987 videamus,
1364 1909 1440 1990 quid
1462 1912 1494 1969 in

314 2010 405 2072 libris
433 2020 489 2074 aut
517 2014 667 2094 scriptum
696 2019 750 2073 ant
776 2015 964 2094 impressum
992 2015 1180 2076 inveniatur.
1224 2014 1258 2073 ln
1280 2013 1438 2075 vossiano
1459 2007 1495 2098 li,

313 2111 455 2175 Romana
469 2109 504 2191 ll,
527 2110 659 2173 Venetis
674 2112 794 2188 Achat,
806 2113 897 2191 llub,
914 2114 1005 2189 lens,
1021 2114 1199 2189 vicentina,
1220 2116 1252 2174 in
1269 2112 1400 2174 Venetis
1416 2109 1494 2171 liur-

314 2214 432 2292 manni,
458 2215 614 2277 Brixiensl
638 2215 723 2276 etin
746 2217 829 2276 omni
852 2217 934 2276 libro
957 2222 1032 2276 anta
1054 2210 1186 2276 Aldinae
1207 2215 1253 2274 ita
1274 2212 1492 2296 distinguitur:

441 2313 482 2375 iit
503 2331 657 2377 conversa
678 2321 764 2375 retro
785 2333 892 2384 rerum
914 2313 1071 2377 discordia
1093 2312 1207 2396 gliscet

440 2412 537 2474 multa
557 2415 661 2494 prins:
682 2414 779 2474 inerit
800 2431 893 2494 quam
916 2435 978 2476 non
1000 2433 1071 2476 mea
1091 2412 1194 2475 libero
1215 2431 1326 2475 avena.

316 2516 406 2593 Quae
427 2515 639 2596 interpunctio
660 2515 820 2576 invenitur
844 2516 940 2576 etiam
964 2514 1150 2597 inhiigdun.
1174 2511 1266 2592 1529,
1295 2513 1328 2572 in
1351 2511 1493 2597 Scalige-

313 2614 412 2690 ranis,
433 2613 569 2692 Pithoni,
591 2605 810 2692 Wernsdoriii,
831 2614 1020 2692 llichstadii,
1047 2615 1191 2678 Putschii
1214 2614 1415 2676 editionibus.
1459 2615 1492 2675 in

314 2714 439 2778 Aldinis
462 2722 568 2778 autam
590 2717 673 2778 haec
694 2723 745 2778 est
766 2718 994 2779 contentionum
1016 2715 1200 2799 dispositio:

976 2817 1134 2878 discordia
1157 2815 1282 2899 gliscet.

439 2913 542 2977 Multa
563 2918 652 2995 prius
674 2916 768 2977 lienis
790 2934 884 2995 quium
905 2936 968 2977 non
990 2935 1062 2978 mea
1081 2915 1185 2976 libera
1206 2933 1309 2976 avena
1332 2914 1417 2976 dicat

317 3017 407 3078 Haeo
422 3034 440 3077 a
455 3015 585 3077 Naelrio.
618 3015 683 3075 lam
705 3014 797 3076 vides
818 3017 904 3076 inter
928 3021 1093 3096 utramque
1116 3017 1306 3077 sententiam
1328 3017 1493 3078 maximam

315 3117 528 3178 differentiam
557 3113 768 3178 intercedere.
820 3116 852 3178 ln
885 3118 983 3197 priori
1016 3117 1099 3176 enim
1132 3121 1183 3176 est
1210 3114 1336 3176 murita
1364 3116 1492 3199 generis

314 3217 459 3278 feminini
483 3235 520 3276 ac
547 3211 751 3275 referendum
781 3214 821 3276 ad
853 3213 1020 3292 discordia,
1048 3215 1081 3276 in
1111 3214 1213 3276 altera
1242 3237 1312 3299 gen.
1334 3225 1438 3280 neutr.
1460 3224 1493 3277 et

315 3317 500 3392 subiectum,
530 3315 665 3376 libera
699 3333 826 3378 avena
860 3317 1036 3378 subiectum
1067 3315 1110 3377 ad
1142 3316 1256 3377 dicat
1289 3316 1492 3378 referendum

315 3435 409 3497 qurum
425 3417 457 3478 in
472 3417 579 3497 priore
593 3415 662 3477 loco
685 3415 821 3478 libera
841 3435 972 3478 avena
992 3419 1166 3478 subiectum
1182 3417 1222 3479 ad
1242 3418 1283 3478 fu
1294 3419 1374 3478 erit
1390 3425 1493 3477 truns-

302 3513 424 3580 'iertur
467 3518 638 3578 Praeterea
660 3520 788 3600 gravior
809 3517 979 3579 diversitas
1001 3519 1082 3579 hooc
1104 3523 1169 3577 ests
1191 3519 1300 3579 iient
1321 3514 1439 3600 legitur
1458 3518 1493 3575 in

314 3618 498 3692 Patavium,
519 3617 684 3691 Tliuaneo,
698 3616 856 3692 Mediceo,
876 3620 1070 3701 durgonum,
1088 3618 1230 3679 Parisino
1245 3616 1297 3693 lV,
1319 3615 1492 3699 Anglica'no

316 3727 349 3780 et
369 3718 419 3794 „sl
440 3714 520 3777 fides
541 3713 668 3780 silentio
693 3716 829 3796 Vossii,“
859 3717 1013 3778 Vossiano
1034 3715 1058 3793 l,
1087 3717 1332 3779 Monacensibus
1354 3713 1378 3794 l,
1405 3713 1431 3775 ll
1459 3721 1493 3775 et
1560 3707 1564 3711 ’

313 3815 575 3893 Hclmstadiensi‚
596 3817 731 3880 fuerit
751 3819 782 3878 in
804 3816 871 3882 cod.
887 3816 995 3892 Basil,
1011 3815 1165 3878 Vossiano
1179 3816 1215 3894 ll,
1239 3813 1406 3879 Vratislav.
1421 3812 1444 3893 l,
1459 3812 1492 3876 ll.

316 3919 407 3981 Unde
434 3918 517 3980 haec
545 3917 721 3998 scripturae
755 3918 973 3979 diversitatem
1005 3913 1222 3996 explicemus?
1272 3919 1336 3978 lam
1363 3912 1444 3975 illud
1472 3933 1493 3975 a

316 4019 444 4081 nemine
464 4021 498 4080 in
520 4018 646 4080 dubium
658 4001 774 4080 ¹vocari
798 4019 927 4100 poterit,
949 4035 970 4078 a
990 4033 1102 4078 versu:

441 4119 602 4180 Montibus
625 4124 658 4179 et
680 4116 770 4178 silvis
793 4116 894 4177 dicam
916 4124 971 4177 tua
994 4116 1072 4194 iata,
1092 4117 1248 4201 Lycurge,

316 4237 430 4280 novam
451 4221 592 4301 incipere
615 4219 817 4294 sententiam,
839 4236 932 4296 quum
955 4219 1152 4299 stropharum
1171 4219 1264 4294 ratio,
1286 4238 1379 4299 quam
1395 4239 1491 4300 snpra

315 4320 546 4402 proposuimus,
557 4337 681 4381 novum
696 4318 822 4380 omnino
839 4321 1038 4380 enunciatum
1053 4313 1201 4399 postulet.
1234 4318 1382 4382 Ponenda
1397 4321 1493 4403 igitur

316 4427 389 4504 post
417 4437 547 4484 avena
578 4419 739 4482 distinctio
773 4421 915 4485 maxima.
965 4421 1074 4498 Quare
1107 4417 1218 4480 dieat
1245 4419 1427 4483 Aldinarum
1459 4421 1491 4480 in
