3484 4967
827 511 869 576 27

745 599 948 610 -ο--ᾑ

261 694 302 750 ιι
322 684 632 768 imprecativum
654 699 710 742 sau
734 683 1064 744 exsecratoriurn
1087 681 1233 761 equidem
1255 703 1317 744 non
1339 685 1439 746 credi-

261 787 371 850 derim.
404 787 515 864 ltaque
537 789 593 844 aut
613 800 777 871 germen
801 790 855 844 ιιι
876 801 1038 866 gramen
1060 781 1258 842 scribendum
1274 792 1334 860 est,
1355 785 1439 848 unde

259 889 447 950 hiereneus
469 886 588 948 oriturx
610 889 760 958 „nostrae
784 901 908 943 avenae
929 880 962 958 (ι.
986 899 1014 944 ι.
1036 889 1176 942 nuruum
1203 901 1328 946 carmen
1350 905 1440 948 exsc-

258 983 443 1066 cratorium)
461 985 499 1048 id
521 984 672 1056 efficiant,
695 989 729 1042 ut
750 1001 880 1065 germen
902 980 955 1043 vel
976 999 1106 1064 gramen
1128 981 1275 1044 devotum
1298 987 1349 1058 sit,
1370 987 1439 1046 slve

258 1087 487 1150 devoventur.“
525 1084 578 1146 Sic
592 1084 754 1144 sententia
770 1081 963 1158 ιιιιιιιιοι,
986 1089 1021 1142 ιι
1040 1079 1245 1160 reliquarum,
1265 1087 1440 1146 arctissime

259 1208 329 1250 curu
358 1187 510 1268 strophae
538 1204 633 1246 sensu
657 1184 820 1247 cohaeret.
863 1181 1044 1244 Carmen·
1062 1183 1102 1242 ab
1130 1180 1261 1246 librario
1290 1188 1439 1268 seriptum

259 1306 334 1350 esre
355 1289 480 1369 opinor,
504 1287 553 1348 cui
576 1291 691 1346 natura
713 1285 810 1344 totius
833 1284 975 1344 carminis
997 1285 1236 1348 obversabatur.

345 1389 382 1451 V.
404 1385 447 1449 20
468 1406 534 1466 seq.
556 1387 659 1446 Hinc
679 1382 797 1466 legitor
819 1404 847 1446 v.
869 1381 913 1444 20
933 1384 965 1442 ιι
983 1381 1072 1445 Voss.
1095 1381 1118 1460 l,
1140 1403 1232 1462 quem
1249 1396 1376 1448 secutus
1391 1397 1441 1450 est

258 1487 474 1563 Ειιιιιιιιιιιι,
495 1488 598 1548 haec
612 1487 645 1546 ιι
662 1481 804 1562 reliquis.
828 1481 863 1545 V.
879 1480 919 1544 21
934 1501 991 1563 pro
1005 1482 1181 1564 pingunt
1203 1505 1329 1549 verna
1345 1488 1440 1574 vulgo

257 1589 397 1670 pingit
418 1605 556 1649 avena.
591 1585 823 1665 Purpureos
846 1581 953 1656 basil,
976 1581 1102 1647 Vratisl.
1122 1583 1158 1662 ll,
1181 1587 1270 1652 Voss.
1291 1587 1332 1662 113
1354 1609 1441 1671 por·

258 1705 383 1770 purao
402 1689 435 1748 ιι
457 1684 543 1749 Med.
566 1703 584 1745 ι
607 1703 698 1746 mauu
715 1683 854 1746 secunda
875 1686 908 1745 ιι
927 1684 1062 1758 Thoan,
1084 1683 1182 1749 Paris.
1204 1685 1252 1762 ill,
1274 1689 1397 1752 Monac.
1418 1690 1442 1765 l,

257 1787 297 1864 ll,
327 1786 454 1851 Vratisl.
477 1785 498 1851 l.
524 1785 558 1850 V.
580 1783 623 1848 23
649 1792 806 1848 mutent
834 1785 958 1861 Peter,
986 1785 1121 1863 Thura,
1153 1787 1233 1860 alii;
1272 1790 1442 1852 mittent

259 1889 385 1954 Monac.
408 1887 443 1966 ll,
464 1888 627 1972 'Pegerns.‚
649 1886 833 1967 Weyheost.

346 1989 518 2051 Adversus
533 1985 660 2050 20-23
683 1987 766 2068 apud
788 1987 942 2048 Naelrium
964 1988 1143 2048 invenimus
1156 1987 1238 2048 banc
1250 1997 1357 2050 notam
1371 1991 1441 2055 lod.

258 2087 353 2150 badii
368 2091 528 2150 Ascensiir
551 2089 662 2166 „Haec
684 2093 771 2148 serta
786 2085 929 2150 Veneris.
944 2089 964 2150 ι.
986 2095 1050 2148 tam
1071 2085 1205 2168 pulchra
1226 2095 1261 2149 et
1283 2089 1444 2154 odorifera

260 2197 297 2250 ut
311 2191 446 2252 Veneris
460 2189 565 2250 dicos:
578 2189 736 2250 'florentia
751 2189 839 2249 vario
861 2185 986 2249 colore:
1009 2207 1108 2248 aurae
1130 2188 1248 2252 dulces.
1270 2192 1290 2253 i.
1312 2211 1443 2254 suaves:

259 2290 336 2352 binc
356 2291 390 2351 id
412 2300 462 2352 est
482 2289 693 2370 procedentes
709 2289 749 2349 ab
764 2289 815 2348 bis
837 2291 949 2348 sertis:
971 2296 1005 2348 ιι
1018 2290 1148 2368 spiritus
1172 2291 1240 2372 agri
1262 2290 1295 2350 id
1317 2300 1367 2352 est
1388 2294 1443 2354 tia·

259 2399 313 2452 tus
336 2398 369 2451 et
383 2389 461 2450 odor
476 2389 609 2450 diffusus
622 2407 681 2469 per
703 2407 827 2470 agrum:
849 2388 924 2447 binc
944 2387 979 2448 id
1000 2395 1101 2449 estex
1116 2388 1167 2447 bis
1187 2391 1300 2450 sertis:
1321 2402 1445 2456 mutent

260 2490 296 2554 id
319 2496 369 2552 est
389 2509 449 2571 per
468 2491 718 2550 immutationem
741 2487 931 2569 producant:
946 2496 1056 2550 uastos
1069 2490 1243 2571 pestiferos
1265 2500 1299 2552 ιι
1320 2512 1445 2556 venena

262 2596 348 2652 tetra
377 2589 410 2650 id
433 2597 483 2651 ιιι
509 2589 593 2650 diras
622 2579 813 2651 infectior'rer
847 2597 880 2650 et
900 2588 1129 2670 pestilentias.“
1171 2589 1269 2653 Addit
1289 2593 1445 2657 Naelrius:

260 2689 430 2782 ’,Ριιιιιιι
452 2698 641 2770 assequutus
664 2696 715 2750 est
735 2708 862 2751 sensum
879 2688 1019 2769 Catonis,
1040 2694 1094 2772 qui
1110 2690 1262 2776 singulari
1279 2697 1446 2774 brevitate,

262 2791 339 2851 binc
360 2810 458 2853 aurae
487 2791 515 2855 d.
548 2793 623 2853 hinc
650 2793 759 2853 suavis
781 2793 913 2872 spiritus
935 2797 985 2857 a.“
1013 2795 1151 2874 scripsit,
1172 2795 1192 2855 ι.
1215 2811 1244 2855 e.
1267 2810 1350 2872 quac
1371 2797 1447 2857 hinc

260 2890 420 2972 prodeunt
447 2911 555 2968 aurae,
583 2893 637 2972 qui
665 2893 739 2952 hinc
766 2890 874 2971 prodit
902 2893 1064 2971 spiritus.“
1110 2891 1259 2952 Videmus
1289 2893 1444 2956 Naekium

261 2991 354 3053 Badii
375 2983 631 3073 interpretationi
660 2989 823 3052 accedere.
866 2987 932 3050 Sed
959 2992 1023 3051 ιιιι
1054 2995 1191 3054 brevitas
1220 2993 1296 3054 mihi
1318 2995 1445 3074 quidem
1565 3044 1569 3050 .

262 3093 356 3154 nimis
385 3092 553 3176 singularis
587 3090 713 3153 videtur
746 3096 843 3167 atque
880 3107 898 3148 a
932 3108 1077 3152 sermone
1111 3091 1209 3152 latino
1240 3093 1447 3172 alienissima,

263 3211 360 3271 quum
375 3192 457 3252 haec
471 3191 578 3275 lingua
594 3189 725 3254 articulo
742 3196 859 3253 careat.
895 3190 961 3251 Sed
975 3191 1091 3256 Graeci
1106 3193 1230 3255 dicunt:
1251 3194 1285 3257 oi
1296 3191 1447 3261 ἐντεῦθεν

263 3288 387 3374 ἄνεμοι,
409 3291 447 3356 ιιι
468 3288 619 3355 §macero
639 3289 806 3372 πνεύματι.
847 3291 926 3352 Rern
948 3293 996 3354 ita
1017 3293 1160 3373 expedio.
1240 3300 1243 3306 '

359 3397 489 3454 Aurae
519 3392 661 3484 dulces
691 3399 723 3454 ιι
751 3411 899 3454 suaves
928 3396 1102 3474 spiritus
1132 3397 1310 3479 agrinoo
1340 3399 1447 3461 refero

266 3495 305 3557 ad
335 3497 440 3560 liores.
482 3494 601 3558 Versus
628 3495 712 3556 enim
738 3489 781 3555 20
808 3501 841 3556 ιι
861 3491 901 3556 21
934 3494 1164 3572 quodammodo
1185 3495 1330 3559 absolute
1350 3503 1446 3581 positi

266 3603 350 3674 sunt,
372 3615 471 3676 quare
493 3597 602 3656 nescio
625 3612 739 3656 aunon
754 3591 868 3654 melius
889 3593 966 3654 lieu
985 3614 1045 3677 pro
1062 3599 1167 3657 baec
1182 3599 1346 3662 scribatur.
1369 3600 1448 3661 Sen-

267 3716 321 3758 ιι
342 3695 404 3758 loci
436 3696 535 3780 igitur
562 3695 615 3755 hic
645 3695 721 3756 crit:
752 3693 801 3773 „0
824 3692 1029 3774 pulcherrimi
1050 3695 1163 3760 florent
1195 3695 1277 3759 ilinc
1301 3701 1335 3777 (ι.
1359 3719 1386 3763 ι.
1410 3720 1448 3762 ιιι

266 3797 411 3874 floribus)
434 3813 531 3858 aurae
553 3795 724 3876 (quondam
747 3802 878 3878 propter
891 3796 1003 3856 florum
1020 3796 1150 3874 odores)
1173 3796 1294 3874 dulces,
1316 3802 1391 3863 hinc
1413 3806 1447 3877 (i,

269 3916 296 3960 ι.
319 3915 357 3958 er
377 3894 521 3981 floribus)
543 3899 673 3978 spiritus
695 3898 763 3981 agri
786 3896 875 3973 (olim
896 3903 1027 3979 propter
1047 3897 1159 3984 florum
1179 3897 1307 3974 odores)
1330 3921 1447 3966 suaves

268 4006 391 4061 mutent
411 3999 582 4081 pestiferos
604 4006 711 4060 aestuo
735 4006 769 4061 ιι
791 4005 876 4060 ιιιιι
897 4016 1036 4072 ιιιιιι;
1056 3997 1169 4059 tiorum
1183 3999 1282 4062 odore
1303 4004 1449 4082 pestiferi

268 4100 348 4160 liant
370 4107 403 4162 et
423 4119 547 4162 veneno
569 4100 757 4174 inficiantur,
780 4096 849 4160 vel:
872 4096 982 4160 dulces
1005 4117 1104 4160 aurae
1125 4107 1159 4160 et
1181 4119 1297 4162 suaves
1319 4103 1448 4183 spiritus

270 4201 339 4284 agri
360 4218 416 4281 pro
438 4202 528 4264 soavi
551 4206 585 4262 et
606 4199 691 4262 dulci
713 4198 823 4276 odore,
845 4219 938 4279 quem
960 4199 1034 4263 olim
1051 4219 1089 4262 ιι
1103 4201 1232 4262 floribus
1247 4216 1449 4284 receperunt,

272 4319 355 4362 nunc
377 4306 483 4362 aestus
511 4301 684 4381 pestiferos
714 4307 747 4361 et
769 4307 853 4362 tetra
882 4319 1006 4363 venena
1026 4301 1213 4382 recipiant.“
1256 4303 1365 4365 Omnis
1386 4304 1449 4365 loci

277 4399 448 4464 difficultas
469 4403 500 4462 ιι
524 4402 624 4481 prima
645 4422 672 4466 v.
695 4399 737 4464 20
759 4419 836 4465 voce
857 4403 961 4484 posita
984 4410 1042 4465 est.
1065 4403 1098 4463 Si
1120 4421 1190 4463 cum
1212 4401 1301 4469 Voss.
1323 4403 1336 4464 l
1356 4406 1450 4465 binc
