3484 4967
825 470 850 536 8,

249 657 310 700 non
325 637 622 726 esse'interoalares
637 639 698 700 iam
714 659 752 700 ex
765 659 802 700 eo
816 639 1034 722 intelligimus,
1049 634 1132 715 quod
1143 641 1217 696 suot
1231 635 1426 716 prooemium

249 739 346 799 totius
369 738 522 801 carminis.
566 736 677 800 Simile
707 738 854 819 quiddam
881 739 1058 801 invenimus
1079 738 1111 797 in
1135 736 1240 796 Bionis
1262 734 1426 816 epitaphio

250 839 413 915 Adonidis,
435 839 523 899 cuius
547 857 657 901 versus
680 837 710 914 l,
727 837 763 900 2:

419 935 529 1012 Αἰάξω
551 936 609 1004 τὸν
624 933 767 1004 Ἄδωνιν·
788 933 930 1002 ἀπώλετο
950 934 1046 1008 καλός
1059 929 1198 1009 Ἄδωνις,

418 1031 514 1101 ὤλετο
534 1037 629 1108 καλὰς
645 1034 781 1114 Ἄδωνις,
804 1036 1013 1112 arctatoque
1025 1031 1161 1114 Ἔρωτες

254 1139 314 1200 toti
339 1139 474 1199 carmini
496 1139 663 1218 praemissi
684 1139 716 1199 in
739 1138 946 1218 sequentibus
968 1139 1096 1218 saepius
1117 1141 1312 1215 repetuntur.

336 1237 444 1300 Nostri
467 1238 614 1298 carminis
635 1239 768 1320 primum
792 1256 935 1300 vessums

379 1337 529 1432 Battara,
557 1362 707 1435 cycneas
735 1350 932 1438 repetamus
959 1321 1112 1409 carmine
1136 1355 1255 1424 voces,

255 1471 349 1530 quum
377 1460 520 1516 naturam
548 1461 582 1516 et
609 1453 747 1517 indolem
776 1454 938 1536 ephymnii
970 1450 1137 1514 evidenter
1165 1467 1244 1529 prae
1272 1466 1307 1509 se
1334 1448 1429 1527 ierat,

254 1570 317 1612 non
340 1551 480 1614 dubitavi
503 1561 573 1634 post
596 1553 658 1618 ul
682 1556 864 1626 restituere,
885 1572 948 1614 non
971 1559 1075 1612 autem
1091 1558 1165 1632 post
1176 1569 1204 1612 r.
1219 1547 1251 1624 3,
1273 1550 1347 1627 quia
1362 1556 1430 1608 tres

254 1652 347 1731 primi
376 1670 486 1713 versus
516 1635 676 1734 stropham
705 1673 768 1715 non
799 1654 953 1729 alliciunt,
987 1647 1195 1713 intercalares
1224 1654 1330 1710 autern
1358 1654 1432 1729 post

256 1751 396 1835 singulas
419 1751 564 1834 strophas
586 1759 753 1832 ponuntur.

339 1852 402 1913 Sex
423 1850 472 1914 illl
494 1869 617 1928 versus,
637 1854 750 1932 quibos
772 1872 866 1935 supra
887 1851 1025 1914 indolem
1047 1859 1144 1932 atque
1171 1854 1313 1912 naturam
1334 1848 1433 1908 inter·

257 1946 405 2012 celarium
427 1951 637 2029 attribuimus,
659 1955 728 2015 sine
752 1951 815 2015 ullo
839 1953 961 2029 ordine,
983 1950 1050 2015 ulla
1069 1951 1143 2037 lege
1165 1968 1224 2032 per
1243 1956 1343 2010 totum
1365 1965 1434 2007 cas·-

258 2067 383 2112 earmcn
406 2049 541 2132 dispersi
568 2058 652 2128 sunt,
682 2061 716 2112 ut
744 2052 887 2134 pluribus
914 2051 993 2114 locis
1022 2071 1078 2112 eos
1107 2049 1261 2112 excidisse
1289 2045 1433 2108 iudicare

258 2147 440 2215 debeamus.
484 2150 547 2229 Qui
575 2153 657 2212 enim
679 2153 725 2228 iit,
754 2161 789 2214 ut
818 2171 928 2215 versus
958 2150 997 2215 71
1021 2158 1056 2212 et
1077 2147 1119 2213 75
1146 2151 1206 2211 sibl
1226 2146 1315 2209 adeo
1337 2147 1433 2208 vicini

258 2250 332 2326 sini,
354 2248 427 2312 dum
448 2251 533 2313 inter
556 2270 665 2312 versus
687 2249 729 2314 25
747 2259 781 2314 et
794 2249 847 2330 47,
868 2254 953 2315 inter
975 2269 1085 2314 versus
1108 2247 1149 2313 75
1171 2257 1204 2310 et
1224 2244 1265 2310 97
1287 2266 1434 2330 magnum

260 2356 309 2410 ast
336 2349 551 2428 intervallum,
584 2353 615 2411 in
645 2371 707 2432 quo
741 2349 858 2415 nullum
891 2349 1159 2433 deprehendimus
1189 2347 1435 2410 intercalarem?

259 2446 593 2512 Consentaneumerat
607 2452 762 2532 proiecto,
778 2454 804 2514 si
821 2453 945 2514 omnino
961 2458 1059 2532 poeta
1072 2448 1254 2512 intercalari
1270 2447 1433 2528 utirellet,

164 2587 166 2646 ss
260 2566 332 2610 eum
355 2568 394 2610 ex
415 2556 503 2611 ceste
522 2548 658 2629 quadam
676 2549 749 2636 lege
765 2550 928 2615 adhibere.
961 2552 1068 2629 Quare
1083 2551 1209 2612 minime
1223 2548 1436 2612 dubitabimus

164 2647 166 2729 ζ
260 2665 332 2708 eum
360 2648 405 2708 ibi
434 2649 615 2725 restituere,
649 2651 702 2710 ubi
731 2656 818 2711 certa
851 2651 1084 2731 manifestaque
1115 2649 1243 2729 indicia,
1274 2650 1435 2731 stropham

166 2732 168 2817 'J
260 2747 355 2826 liniri,
376 2748 602 2814 invenerimus.
619 2747 728 2828 ,Quod
750 2768 843 2830 spero
865 2750 937 2812 fore
958 2759 995 2812 ut
1015 2751 1283 2834 mintsontmgat.
1316 2750 1435 2813 Versus

260 2843 358 2910 4-7
388 2855 461 2909 suut
489 2849 683 2928 prooemium
716 2851 786 2910 sive
813 2849 950 2930 proodus
983 2867 1131 2913 versuum
1158 2846 1288 2926 8-81,
1324 2850 1436 2930 quibus

260 2948 435 3030 respondet
450 2946 582 3032 epodus,
596 2967 678 3030 quae
695 2948 806 3012 eadem
823 2958 958 3030 quatuor
965 2952 1110 3013 versibus
1118 2950 1266 3025 efficitur,
1279 2945 1435 3018 98-101.

174 3059 176 3070 ’
200 3091 203 3096 -
262 3050 323 3127 Qui
346 3068 457 3112 versus
479 3049 519 3111 ad
540 3057 662 3130 partem
685 3051 831 3112 carminis
846 3071 866 3112 a
888 3071 985 3113 versu
1005 3048 1130 3114 82-97
1152 3051 1321 3133 pertinent.
1363 3053 1437 3132 ipss

263 3152 439 3218 exsecratio
468 3151 507 3212 ab
538 3150 577 3212 iis
600 3151 755 3225 versibus,
784 3152 896 3232 quibus
928 3159 1024 3232 poeta
1057 3169 1132 3235 agro
1166 3169 1223 3210 suo
1252 3151 1435 3232 valedicit,

263 3255 397 3329 quatuor
420 3249 562 3311 versibus
584 3245 725 3310 82-85
747 3256 923 3330 separatus,
954 3239 1084 3330 qnorum
1108 3253 1267 3312 sententia
1287 3252 1333 3313 ita
1356 3273 1437 3314 com·

262 3357 376 3434 parata
405 3357 464 3424 est,
498 3354 532 3409 ut
561 3346 601 3408 ad
630 3347 851 3411 antecedentia
884 3357 918 3411 et
948 3353 1173 3431 subsequentia
1204 3352 1366 3432 aptissima
1396 3357 1439 3417 sit

264 3449 464 3529 mediumque
484 3447 588 3509 locum
610 3451 693 3510 intes
716 3450 963 3511 exsecrationem
987 3458 1020 3512 et
1035 3449 1277 3512 valedictionem
1296 3454 1438 3516 obtineat

265 3557 298 3610 ct
313 3551 401 3629 quasi
418 3546 470 3612 aaa
484 3545 581 3628 μέσον
596 3550 701 3630 posita
717 3566 789 3610 esse
804 3547 960 3615 videatur.
982 3549 1062 3612 Sunt
1076 3549 1171 3611 iidem
1187 3569 1298 3612 versus
1314 3561 1347 3614 et
1363 3574 1438 3636 epo-

265 3647 323 3710 dus
344 3649 521 3710 devotionis
542 3654 575 3709 et
592 3648 729 3729 proodus
742 3648 971 3715 valedictionis.
993 3650 1120 3712 Priores
1132 3649 1192 3709 duo
1204 3669 1316 3714 versum
1327 3651 1439 3721 8283:

369 3747 524 3822 Omale
551 3747 705 3843 devoti,
733 3745 937 3848 praetorum
957 3755 1112 3844 crimina,
1139 3753 1271 3844 agelli

368 3865 488 3963 Tuque
515 3870 728 3965 inimica-,tui
755 3889 895 3962 semper
919 3869 1093 3943 discordia
1120 3872 1229 3944 civisi

265 3979 304 4041 ad
328 3979 554 4063 praecedentis
575 3990 729 4063 spectant,
752 4001 863 4044 versus
886 3991 989 4046 erstem
1013 3981 1055 4045 83
1076 3980 1134 4046 842

369 4083 480 4155 Exsul
502 4106 569 4174 ego
588 4082 817 4175 indemnatus,
844 4107 966 4178 egens,
993 4108 1079 4160 mea
1104 4107 1197 4157 rura
1224 4087 1390 4180 reliqui,

367 4199 467 4272 lililes
495 4212 531 4276 ut
556 4191 856 4295 accipiat'luuesti
883 4203 1036 4294 praemia
1061 4201 1147 4274 belli

267 4315 306 4376 ad
330 4323 515 4376 austremam
539 4317 681 4376 carminis
704 4321 826 4394 partem
848 4312 1009 4375 referendi
1032 4320 1112 4377 sunt.
