3484 4967
308 693 358 754 cui
385 697 482 772 poeta
509 707 586 772 agro
615 687 732 750 cedere
762 701 888 757 coactns
917 704 996 759 erat.
1047 692 1112 756 Sed
1142 700 1244 755 utrum
1276 712 1385 755 verum
1416 696 1487 755 eius
1556 719 1568 779 p

309 811 424 854 nomen
439 792 480 852 sit
495 809 535 850 an
549 790 665 865 lictum,
687 790 709 851 ii
727 805 893 872 quaerant,
910 799 964 876 qui
976 793 1105 858 tantulis
1120 794 1259 854 minutiis
1278 793 1488 856 delectantur.

394 892 430 955 V.
452 889 481 956 9.
509 891 585 950 Post
605 890 787 976 Lycurge
803 897 953 956 maiorem
969 896 1201 958 distinctionem
1222 897 1322 975 posui.
1355 895 1487 957 l'oetam
1563 940 1568 972 ‚1

310 993 394 1054 enim
428 992 689 1073 imprecationem
720 995 760 1054 ab
788 995 913 1078 integro
941 1015 1034 1059 versu
1063 998 1205 1077 incipere
1238 1002 1487 1056 cousentaneum
1566 1046 1567 1055 ,

308 1100 394 1174 puto.
439 1093 518 1154 Fata
553 1091 692 1172 denique
722 1113 760 1155 eo
790 1115 898 1174 sensu,
926 1116 1019 1176 quem
1053 1115 1149 1178 supra
1183 1097 1361 1172 staturimus,
1390 1097 1488 1177 impia

308 1212 417 1276 parum
439 1201 527 1254 recta
548 1195 758 1260 nominantur.
794 1197 918 1259 Gaudia
939 1217 1017 1260 vero
1041 1199 1108 1282 agri
1128 1199 1199 1260 inre
1220 1197 1364 1258 dicuntur
1378 1197 1488 1278 impia,

309 1312 402 1394 quupu
430 1292 592 1377 Lycurgus
626 1303 735 1356 contra
761 1297 811 1356 ius
842 1298 956 1378 fasque
985 1301 1025 1360 iis
1057 1299 1227 1360 frueretur.
1269 1297 1408 1375 „Mirum
1439 1307 1489 1358 est

309 1393 550 1456 Trinacriae
572 1393 729 1476 gaudia.
772 1397 871 1460 Poeta
893 1405 928 1460 ot
948 1398 1043 1480 paulo
1066 1409 1141 1461 ante
1163 1418 1224 1459 nau
1247 1400 1325 1459 satis
1346 1396 1489 1458 feliciter
1567 1436 1568 1451 ι

309 1510 345 1554 ιι
374 1492 499 1553 doctum
527 1496 675 1574 praebuit
702 1500 862 1560 mentione
891 1498 1035 1583 Lycurgi,
1063 1500 1110 1560 ita
1131 1496 1293 1575 hocloco,
1316 1492 1389 1557 dum
1419 1494 1489 1558 vult

309 1592 412 1670 docte,
434 1591 528 1674 paulo
551 1591 691 1675 loquitur
706 1599 900 1664 obscurius.“
921 1601 968 1660 lta
982 1598 1131 1663 Naelius.
1153 1597 1217 1660 Sed
1232 1596 1335 1658 locum
1349 1597 1488 1678 priorem

309 1694 391 1754 satis
414 1692 554 1757 feliciter
575 1698 653 1758 milri
676 1697 786 1760 videor
801 1699 990 1780 explicuisse
1003 1718 1107 1779 neque
1128 1699 1180 1759 lric
1197 1697 1369 1778 quidquam
1390 1697 1488 1758 habet

310 1793 519 1872 difficultatis,
541 1799 568 1858 si
591 1797 756 1860 Trinacria
778 1818 854 1882 agro
876 1819 991 1862 nomen
1012 1800 1113 1860 fuisse
1135 1801 1311 1860 statuimus.
1337 1797 1487 1857 Fortasse

307 1893 388 1954 illud
409 1915 524 1957 nomen
540 1905 636 1979 poeta
651 1917 727 1982 agro
749 1919 807 1961 suo
821 1910 954 1982 propter
974 1899 1184 1976 fertilitatem,
1202 1898 1340 1960 fortasse
1355 1904 1488 1977 propter

310 1994 445 2054 formam
468 2001 501 2055 et
521 1999 659 2076 speciem
677 1998 819 2064 dederat.
832 2022 835 2028 ¹
852 2001 1038 2063 Trinacriae
1053 2000 1170 2084 gaudia
1184 2020 1246 2061 non
1261 2007 1336 2061 sunt
1349 2007 1489 2082 segetes,

309 2092 367 2154 sed
391 2093 515 2179 gaudia,
537 2115 619 2176 quae
643 2116 681 2160 ex
702 2118 778 2182 agro
801 2120 926 2162 amoeno
943 2101 1167 2182 percipiuntur.
1203 2098 1488 2162 Sterilescant

307 2197 521 2276 μεταφορικῶς
542 2206 668 2278 poetam
691 2219 781 2260 ιιιιιιιι
805 2211 979 2282 strepeto,
1001 2208 1036 2263 ut
1057 2219 1113 2261 nos
1129 2200 1261 2262 dicimus
1281 2199 1373 2276 „das
1396 2200 1489 2261 Ver-

308 2299 465 2382 gni'rgen
495 2300 550 2360 ιιι
577 2319 621 2360 au
645 2299 810 2363 Wasser
838 2302 1085 2387 geworden.“
1129 2303 1198 2380 Quo
1226 2300 1318 2363 modo
1340 2301 1486 2384 Lycurgo

308 2398 424 2482 gaudia
445 2399 649 2480 sterilescere
672 2400 811 2464 debeant
832 2406 864 2464 iu
887 2404 1094 2484 sequentibus
1116 2402 1239 2465 dicitur.

392 2499 429 2563 V.
448 2497 496 2564 15.
518 2498 654 2562 Sulcis
675 2499 750 2564 libri
766 2505 876 2584 scripti
898 2507 1009 2585 optimi
1031 2504 1151 2582 Petam,
1173 2503 1308 2575 Thoan.
1329 2499 1487 2574 Leidens„

307 2597 407 2661 Paris.
434 2595 470 2673 ll,
498 2597 545 2676 lll,
573 2598 626 2675 iv,
654 2601 773 2685 Anglic.
803 2605 926 2668 Monac.
954 2604 977 2679 l,
1003 2603 1038 2678 11.
1066 2602 1195 2667 Vratisl.
1225 2602 1248 2679 l,
1269 2604 1421 2687 Tegerns.
1455 2608 1488 2662 et

307 2697 506 2780 Weyhenst.;
529 2696 635 2760 sulci
660 2701 726 2762 cod.
741 2702 847 2776 Bauli,
863 2703 993 2768 Vratisl.
1008 2703 1045 2780 ll,
1067 2704 1156 2766 Voss.
1169 2702 1202 2768 ll.
1235 2705 1376 2766 Priorem
1391 2705 1490 2783 scrip·
1568 2742 1569 2763 2

307 2808 410 2862 turam
433 2801 601 2885 genuinam
617 2800 720 2863 iudico
744 2809 777 2864 et
792 2811 924 2884 propter
936 2802 1087 2864 librorum
1102 2806 1321 2866 auctoritatem
1338 2811 1370 2864 et
1392 2822 1488 2884 prop

308 2910 358 2964 ter
380 2902 524 2962 carminis
546 2900 694 2966 indolem.
738 2903 837 2966 Poeta
866 2908 950 2966 enim
979 2925 1110 2988 maguus
1132 2905 1342 2986 apostrophes
1363 2913 1489 2964 amator
1568 2962 1570 2975 y

181 3065 185 3073 ,
309 3007 366 3084 ιιι.
403 3001 673 3080 Quemadmodum
700 3023 727 3066 v.
750 3001 770 3064 9
792 3007 1071 3068 sterilescunt
1091 3005 1239 3088 gaudia
1261 3007 1375 3067 vobis
1397 3002 1488 3072 dixit,

308 3106 355 3168 sic
377 3105 471 3163 etiam
494 3103 554 3164 lroc
576 3122 671 3165 versu
693 3122 809 3166 novum
829 3107 899 3188 agri
925 3124 1143 3186 possessorem
1172 3127 1241 3167 cum
1271 3107 1340 3168 eius
1365 3103 1487 3166 familia

309 3201 489 3284 alloquitur.
512 3203 587 3266 cod.
610 3204 745 3281 Thuan.,
772 3224 865 3283 quum
894 3206 1013 3267 habeat
1039 3207 1204 3286 effetis,
1234 3208 1393 3267 coniunxit
1424 3206 1488 3266 lroc

309 3303 498 3368 adiectivum
521 3323 589 3363 curm
611 3302 758 3379 solcis,
779 3323 875 3365 sensu
897 3325 959 3366 non
980 3308 1098 3388 inepto.

393 3404 428 3468 V.
452 3402 501 3467 16.
524 3401 653 3466 Pallida
672 3405 891 3484 προιηπτικιις
912 3405 1028 3468 dictum
1052 3413 1109 3470 est.

393 3505 429 3568 V.
454 3501 703 3566 lanatarium
732 3511 790 3581 est,
822 3508 944 3567 ramis
973 3515 1007 3570 et
1035 3505 1074 3568 ad
1104 3505 1251 3567 cadant
1277 3514 1310 3568 et
1330 3505 1371 3566 ad
1392 3523 1488 3585 pen·

309 3604 451 3668 dantia
472 3604 675 3698 referendum
698 3624 781 3683 esse,
803 3627 902 3686 qrtare
918 3609 1002 3672 inter
1022 3616 1187 3687 utrumque
1210 3611 1242 3669 in
1263 3605 1367 3668 media
1388 3604 1489 3666 collo·

308 3715 409 3772 catum
432 3712 490 3770 est

393 3807 429 3871 V.
453 3804 492 3869 18
522 3806 680 3867 sententia
702 3827 764 3869 non
787 3808 897 3871 differt
918 3831 938 3870 ι
961 3831 988 3874 v.
1012 3808 1060 3873 13.

392 3908 428 3972 V.
443 3907 492 3972 19.
513 3909 583 3970 Non
597 3926 669 3970 csse
684 3910 767 3972 hunc
779 3929 902 3971 versam
917 3909 1138 3972 intercalarem
1153 3909 1210 3969 sed
1224 3909 1375 3989 strophae
1390 3909 1487 3968 tinem

307 4009 448 4072 indicare
477 4026 574 4090 supra
595 4009 738 4074 vidimus.
776 4009 872 4072 codd.
900 4011 1022 4072 Monac.
1050 4009 1078 4082 l,
1106 4006 1150 4082 ll,
1187 4009 1357 4093 Tegmna,
1392 4008 1488 4089 Wey·

307 4109 412 4174 henst.
435 4130 492 4191 pro
516 4131 672 4173 carmen
696 4113 846 4190 scriptum
860 4111 982 4172 habent
1002 4127 1164 4193 gramen
1173 4155 1183 4188 ,
1207 4094 1333 4172 Vratisl.
1355 4109 1377 4188 l,
1400 4129 1488 4192 ger-

307 4229 411 4286 men,
432 4230 511 4290 quas
532 4214 703 4292 scripturas
725 4210 864 4271 Nackiur
880 4213 989 4270 mirum
1006 4220 1214 4271 commeatum
1237 4209 1386 4292 appellat.
1418 4211 1486 4271 Sed

308 4310 392 4371 idem
422 4311 457 4374 V.
488 4311 523 4374 ll.
553 4311 655 4376 addit:
690 4310 899 4384 „devotum
928 4328 1087 4370 carmen
1120 4327 1212 4369 nemo
1241 4311 1379 4372 fortasse
1408 4310 1489 4373 dixit

308 4417 436 4491 praeter
462 4410 644 4474 Catonem.“
687 4410 878 4472 Devotum
908 4408 990 4468 idem
1020 4427 1092 4469 esse
1121 4416 1218 4488 atque
1247 4409 1487 4474 devotivum

1567 1292 1569 1427 i

1567 1628 1569 1737 i

1566 1788 1569 1871 i

1568 2658 1570 2735 i

1568 2860 1570 2940 i
